datetime,last,bought,sold,bid_price_0,bid_amount_0,bid_price_1,bid_amount_1,bid_price_2,bid_amount_2,bid_price_3,bid_amount_3,bid_price_4,bid_amount_4,bid_price_5,bid_amount_5,bid_price_6,bid_amount_6,bid_price_7,bid_amount_7,bid_price_8,bid_amount_8,bid_price_9,bid_amount_9,bid_price_10,bid_amount_10,bid_price_11,bid_amount_11,bid_price_12,bid_amount_12,bid_price_13,bid_amount_13,bid_price_14,bid_amount_14,ask_price_0,ask_amount_0,ask_price_1,ask_amount_1,ask_price_2,ask_amount_2,ask_price_3,ask_amount_3,ask_price_4,ask_amount_4,ask_price_5,ask_amount_5,ask_price_6,ask_amount_6,ask_price_7,ask_amount_7,ask_price_8,ask_amount_8,ask_price_9,ask_amount_9,ask_price_10,ask_amount_10,ask_price_11,ask_amount_11,ask_price_12,ask_amount_12,ask_price_13,ask_amount_13,ask_price_14,ask_amount_14
2017-09-08T11:00:26.459,3914.15,0.20751752,0.0,3913.6,0.03369255,3913.55,0.07672725,3913.55,0.03,3913.5,0.025,3913.04,0.03,3913.03,0.1,3913.01,0.033178,3913.0,1.0,3912.61,0.03006105,3912.51,0.02,3912.5,0.456,3912.48,0.01,3911.03,0.25,3911.03,0.25,3911.02,0.031223,3914.15,0.63469602,3914.16,0.71015182,3914.17,0.33979068,3914.17,0.07307871,3914.17,4.80936659,3914.17,1.40706897,3914.17,0.36504816,3914.17,0.14277031,3914.17,0.1258004,3914.17,0.24049822,3914.17,0.09519807,3914.17,0.01336869,3914.32,0.06231558,3914.53,0.03459934,3914.59,0.01203528
2017-09-08T11:00:28.768,3914.15,0.0,0.0,3913.62,0.03,3913.61,0.1,3913.61,0.25,3913.6,0.03369255,3913.55,0.07672725,3913.5,0.025,3913.04,0.03,3913.03,0.01,3913.01,0.033178,3913.01,0.456,3913.01,0.02,3913.0,1.0,3912.61,0.03006105,3911.03,0.25,3911.03,0.25,3914.15,0.63469602,3914.16,0.71015182,3914.17,0.33979068,3914.17,0.07307871,3914.17,4.80936659,3914.17,1.40706897,3914.17,0.36504816,3914.17,0.14277031,3914.17,0.1258004,3914.17,0.24049822,3914.17,0.01336869,3914.32,0.06231558,3914.53,0.03459934,3914.59,0.01203528,3914.59,0.06263
2017-09-08T11:00:31.285,3914.15,0.0,0.0,3913.61,0.1,3913.6,0.03369255,3913.6,0.03,3913.55,0.07672725,3913.5,0.025,3913.04,0.03,3913.03,0.01,3913.01,0.456,3913.01,0.02,3913.0,1.0,3912.61,0.03006105,3911.03,0.25,3911.03,0.25,3911.02,0.031223,3911.0,0.63922271,3914.15,0.63469602,3914.16,0.71015182,3914.17,0.33979068,3914.17,0.07307871,3914.17,4.80936659,3914.17,0.36504816,3914.17,0.14277031,3914.17,0.24049822,3914.17,0.01336869,3914.32,0.06231558,3914.53,0.03459934,3914.59,0.01203528,3914.59,0.06263,3915.0,0.88975735,3915.0,0.05039871
2017-09-08T11:00:33.761,3914.15,0.0,0.0,3913.62,0.01,3913.6,0.03369255,3913.6,0.03,3913.55,0.07672725,3913.5,0.025,3913.06,0.03,3913.05,0.06857868,3913.01,0.456,3913.01,0.02,3913.01,0.033178,3913.0,1.0,3912.62,0.25,3912.61,0.03006105,3911.0,0.63922271,3910.11,0.25,3914.15,0.80486038,3914.16,0.71015182,3914.17,0.33979068,3914.17,0.07307871,3914.17,4.80936659,3914.17,0.36504816,3914.17,0.14277031,3914.17,0.24049822,3914.17,0.01336869,3914.32,0.06231558,3914.53,0.03459934,3914.59,0.01203528,3914.59,0.06263,3915.0,0.88975735,3915.0,0.05039871
2017-09-08T11:00:36.073,3914.15,0.0,0.0,3913.63,0.1,3913.63,0.25,3913.62,0.01,3913.55,0.07672725,3913.5,0.025,3913.06,0.03,3913.05,0.06857868,3913.01,0.456,3913.01,0.02,3913.01,0.033178,3913.0,1.0,3912.62,0.25,3912.61,0.03006105,3911.01,0.25,3911.0,0.63922271,3914.15,0.80486038,3914.16,0.71015182,3914.17,0.33979068,3914.17,0.07307871,3914.17,4.80936659,3914.17,0.36504816,3914.17,0.24049822,3914.17,0.01336869,3914.32,0.06231558,3914.53,0.03459934,3914.59,0.01203528,3914.59,0.06263,3915.0,0.88975735,3915.0,0.05039871,3915.0,0.02
2017-09-08T11:00:40.098,3914.15,0.05,0.0,3913.63,0.03369255,3913.63,0.01,3913.63,0.03,3913.55,0.07672725,3913.5,0.025,3913.06,0.03,3913.05,0.06857868,3913.01,0.456,3913.01,0.02,3913.01,0.033178,3913.0,1.0,3912.65,0.25,3912.64,0.03006105,3911.01,0.25,3911.0,0.63922271,3914.15,0.75486038,3914.16,0.71015182,3914.17,0.07307871,3914.17,0.24049822,3914.32,0.06231558,3914.53,0.03459934,3914.59,0.01203528,3914.59,0.06263,3915.0,0.88975735,3915.0,0.05039871,3915.0,0.02,3915.0,0.02555889,3915.43,1.0,3915.87,0.27092786,3916.0,0.1
2017-09-08T11:00:44.193,3914.15,0.0,0.0,3913.65,0.1,3913.55,0.07672725,3913.5,0.025,3913.5,0.03,3913.06,0.03,3913.05,0.456,3913.01,0.033178,3913.01,0.02,3913.0,1.0,3912.64,0.03006105,3911.02,0.0775789,3911.01,0.25,3911.01,0.25,3911.0,0.63922271,3909.41,0.25,3913.67,0.15,3914.15,0.79586038,3914.16,0.71015182,3914.17,0.07307871,3914.17,0.24049822,3914.32,0.06231558,3914.59,0.01203528,3914.59,0.06263,3915.0,0.88975735,3915.0,0.05039871,3915.0,0.02,3915.0,0.02555889,3915.42,0.14,3915.43,1.0,3915.87,0.27092786
2017-09-08T11:00:46.717,3914.15,0.0,0.0,3913.66,0.1,3913.66,0.25,3913.65,0.03369255,3913.55,0.07672725,3913.5,0.025,3913.5,0.03,3913.02,0.03,3913.01,0.033178,3913.0,1.0,3912.66,0.02,3912.65,0.456,3912.64,0.03006105,3911.03,0.25,3911.03,0.25,3911.02,0.0775789,3913.67,0.15,3914.15,0.79586038,3914.16,0.71015182,3914.32,0.06231558,3914.32,0.06263,3915.0,0.88975735,3915.0,0.05039871,3915.0,0.02,3915.0,0.02555889,3915.42,0.14,3915.43,1.0,3915.87,0.27092786,3916.0,0.1,3916.05,0.15549811,3917.39,0.25
2017-09-08T11:00:49.259,3914.15,0.0,0.0,3913.66,0.1,3913.66,0.25,3913.55,0.07672725,3913.5,0.025,3913.5,0.03,3913.02,0.03,3913.01,0.033178,3913.0,1.0,3912.67,0.02,3912.66,0.456,3912.64,0.03006105,3911.03,0.25,3911.03,0.25,3911.02,0.0775789,3911.0,0.63922271,3913.67,0.15,3914.15,0.79586038,3914.16,0.71015182,3914.32,0.06231558,3914.32,0.06263,3915.0,0.88975735,3915.0,0.05039871,3915.0,0.02,3915.0,0.02555889,3915.42,0.14,3915.43,1.0,3915.87,0.27092786,3916.0,0.1,3917.39,0.25,3917.4,0.15
2017-09-08T11:00:51.551,3914.15,0.0,0.0,3913.66,0.03369255,3913.66,0.1,3913.66,0.25,3913.55,0.07672725,3913.5,0.025,3913.5,0.03,3913.02,0.03,3913.01,0.033178,3913.0,1.0,3912.68,0.02,3912.67,0.456,3912.64,0.03006105,3911.03,0.25,3911.03,0.25,3911.02,0.0775789,3913.67,0.15,3914.15,0.79586038,3914.16,0.71015182,3914.32,0.06231558,3914.32,0.06263,3915.0,0.88975735,3915.0,0.05039871,3915.0,0.02,3915.0,0.02555889,3915.42,0.14,3915.43,1.0,3915.87,0.27092786,3916.0,0.1,3917.39,0.25,3917.4,0.15
2017-09-08T11:00:53.694,3914.15,0.0,0.0,3913.66,0.03369255,3913.66,0.1,3913.66,0.25,3913.55,0.07672725,3913.5,0.025,3913.5,0.03,3913.02,0.03,3913.01,0.033178,3913.0,1.0,3912.65,0.02,3912.64,0.03006105,3911.03,0.25,3911.03,0.25,3911.02,0.0775789,3911.0,0.63922271,3913.67,0.15,3914.15,0.79586038,3914.16,0.71015182,3914.64,0.15576912,3915.0,0.88975735,3915.0,0.05039871,3915.0,0.02,3915.0,0.02555889,3915.0,0.06263,3915.42,0.14,3915.43,1.0,3915.87,0.27092786,3916.0,0.1,3917.39,0.25,3917.4,0.15
2017-09-08T11:00:55.810,3914.15,0.0,0.0,3913.66,0.03369255,3913.66,0.1,3913.66,0.25,3913.55,0.07672725,3913.5,0.025,3913.5,0.03,3913.02,0.03,3913.0,1.0,3912.71,0.02,3912.7,0.456,3912.64,0.03006105,3911.03,0.25,3911.02,0.0775789,3911.0,0.63922271,3909.18,0.25,3913.67,0.15,3914.15,0.79586038,3914.16,0.71015182,3914.64,0.15576912,3914.64,0.06263,3915.0,0.88975735,3915.0,0.02,3915.0,0.02555889,3915.42,0.14,3915.43,1.0,3915.87,0.27092786,3916.0,0.1,3917.39,0.25,3917.4,0.15,3918.96,0.25
2017-09-08T11:00:58.042,3914.15,0.0,0.0,3913.66,0.03369255,3913.66,0.1,3913.66,0.25,3913.55,0.07672725,3913.5,0.025,3913.5,0.03,3913.02,0.03,3913.0,1.0,3912.72,0.02,3912.71,0.456,3912.64,0.03006105,3911.01,0.25,3911.0,0.63922271,3909.09,0.25,3909.08,0.01,3913.67,0.15,3914.15,0.79586038,3914.16,0.71015182,3914.64,0.15576912,3914.64,0.06263,3914.73,0.06018468,3915.0,0.88975735,3915.0,0.02,3915.0,0.02555889,3915.42,0.14,3915.43,1.0,3915.87,0.27092786,3916.0,0.1,3917.39,0.25,3917.4,0.15
2017-09-08T11:01:00.487,3914.15,0.0,0.0,3913.66,0.03369255,3913.66,0.1,3913.66,0.25,3913.55,0.07672725,3913.5,0.025,3913.5,0.03,3913.02,0.03,3913.0,1.0,3912.73,0.02,3912.72,0.456,3912.64,0.03006105,3911.03,0.25,3911.0,0.63922271,3909.23,0.25,3909.22,0.79665523,3913.67,0.15,3914.15,0.79586038,3914.16,0.71015182,3914.64,0.15576912,3914.64,0.06263,3914.64,0.32015959,3914.64,0.03116758,3914.64,0.06244427,3914.73,0.06018468,3915.0,0.88975735,3915.0,0.02,3915.0,0.02555889,3915.42,0.14,3915.43,1.0,3915.87,0.27092786
2017-09-08T11:01:02.735,3914.15,0.0,0.0,3913.66,0.03369255,3913.66,0.1,3913.66,0.25,3913.55,0.07672725,3913.5,0.025,3913.5,0.03,3913.02,0.03,3913.0,1.0,3912.75,0.02,3912.74,0.456,3912.64,0.03006105,3911.01,0.25,3911.01,0.25,3911.0,0.63922271,3909.23,0.25,3913.67,0.15,3914.15,0.79586038,3914.16,0.71015182,3914.64,0.15576912,3914.64,0.06263,3914.64,0.32015959,3914.64,0.03116758,3914.64,0.06244427,3914.73,0.06018468,3915.0,0.88975735,3915.0,0.02,3915.0,0.02555889,3915.42,0.14,3915.43,1.0,3915.87,0.27092786
2017-09-08T11:01:05.087,3914.15,0.0,0.0,3913.66,0.03369255,3913.66,0.1,3913.66,0.25,3913.55,0.07672725,3913.5,0.025,3913.5,0.03,3913.02,0.03,3913.0,1.0,3912.76,0.02,3912.75,0.456,3912.64,0.03006105,3911.01,0.25,3911.01,0.25,3911.0,0.63922271,3909.09,0.25,3913.67,0.15,3914.15,0.79586038,3914.16,0.71015182,3914.64,0.15576912,3914.64,0.06263,3914.64,0.32015959,3914.64,0.03116758,3914.64,0.06244427,3914.64,0.14935942,3914.73,0.06018468,3915.0,0.88975735,3915.0,0.02,3915.0,0.02555889,3915.42,0.14,3915.43,1.0
2017-09-08T11:01:07.519,3914.15,0.0,0.0,3913.66,0.03369255,3913.66,0.1,3913.66,0.25,3913.55,0.07672725,3913.5,0.025,3913.5,0.03,3913.02,0.03,3913.0,1.0,3912.77,0.02,3912.76,0.456,3912.64,0.03006105,3911.01,0.25,3911.01,0.25,3911.0,0.63922271,3909.21,0.79665727,3913.67,0.15,3914.15,0.79586038,3914.16,0.71015182,3914.64,0.15576912,3914.64,0.06263,3914.64,0.32015959,3914.64,0.03116758,3914.64,0.06244427,3914.64,0.14935942,3914.73,0.06018468,3915.0,0.88975735,3915.0,0.02,3915.0,0.02555889,3915.42,0.14,3915.43,1.0
2017-09-08T11:01:10.112,3914.15,0.0,0.0,3913.66,0.03369255,3913.66,0.1,3913.66,0.25,3913.55,0.07672725,3913.5,0.025,3913.5,0.03,3913.02,0.03,3913.0,1.0,3912.79,0.02,3912.78,0.456,3912.64,0.03006105,3911.01,0.25,3911.0,0.63922271,3908.47,0.25,3908.46,0.07758365,3913.67,0.15,3914.15,0.79586038,3914.16,0.71015182,3914.64,0.15576912,3914.64,0.06263,3914.64,0.32015959,3914.64,0.03116758,3914.64,0.06244427,3914.64,0.14935942,3914.64,0.01204201,3914.64,0.03602069,3914.73,0.06018468,3915.0,0.88975735,3915.0,0.02,3915.0,0.02555889
2017-09-08T11:01:12.693,3914.15,0.0,0.0,3913.66,0.03369255,3913.55,0.07672725,3913.5,0.025,3913.5,0.03,3913.04,0.03,3913.03,0.1,3913.0,1.0,3912.8,0.02,3912.79,0.456,3912.64,0.03006105,3911.01,0.25,3911.01,0.25,3911.0,0.63922271,3909.21,0.79665727,3908.47,0.25,3913.67,0.15,3914.15,0.79586038,3914.16,0.71015182,3914.64,0.15576912,3914.64,0.06263,3914.64,0.32015959,3914.64,0.03116758,3914.64,0.06244427,3914.64,0.14935942,3914.64,0.01204201,3914.64,0.03602069,3914.64,0.0124123,3914.73,0.06018468,3915.0,0.88975735,3915.0,0.02
2017-09-08T11:01:15.546,3914.15,0.0,0.0,3913.66,0.03369255,3913.55,0.07672725,3913.5,0.025,3913.5,0.03,3913.06,0.03,3913.05,0.1,3913.03,0.25,3913.0,1.0,3912.82,0.02,3912.81,0.456,3912.64,0.03006105,3911.01,0.25,3911.0,0.63922271,3909.22,0.25,3909.21,0.79665727,3913.67,0.15,3914.15,0.79586038,3914.16,0.71015182,3914.64,0.15576912,3914.64,0.06263,3914.64,0.32015959,3914.64,0.03116758,3914.64,0.06244427,3914.64,0.14935942,3914.64,0.01204201,3914.64,0.03602069,3914.64,0.0124123,3914.64,0.13382639,3914.73,0.06018468,3914.99,0.14
2017-09-08T11:01:17.855,3914.15,0.0,0.0,3913.66,0.03369255,3913.55,0.07672725,3913.5,0.025,3913.5,0.03,3913.06,0.03,3913.05,0.1,3913.0,1.0,3912.83,0.02,3912.82,0.456,3912.64,0.03006105,3911.01,0.25,3911.0,0.63922271,3909.22,0.25,3909.22,0.25,3908.47,0.25,3913.67,0.15,3914.15,0.79586038,3914.16,0.71015182,3914.64,0.15576912,3914.64,0.06263,3914.64,0.32015959,3914.64,0.03116758,3914.64,0.06244427,3914.64,0.14935942,3914.64,0.01204201,3914.64,0.03602069,3914.64,0.0124123,3914.64,0.13382639,3914.64,0.40016517,3914.64,0.28193078
2017-09-08T11:01:20.222,3914.15,0.0,0.0,3913.66,0.03369255,3913.55,0.07672725,3913.5,0.025,3913.5,0.03,3913.08,0.03,3913.07,0.25,3913.01,0.1,3913.0,1.0,3912.84,0.02,3912.83,0.456,3912.64,0.03006105,3911.01,0.25,3911.0,0.63922271,3909.21,0.79665727,3908.47,0.25,3913.67,0.15,3914.15,0.79586038,3914.16,0.71015182,3914.64,0.15576912,3914.64,0.06263,3914.64,0.32015959,3914.64,0.03116758,3914.64,0.06244427,3914.64,0.14935942,3914.64,0.01204201,3914.64,0.03602069,3914.64,0.0124123,3914.64,0.13382639,3914.64,0.40016517,3914.64,0.28193078
2017-09-08T11:01:22.868,3913.67,0.01,0.0,3913.66,0.03369255,3913.55,0.07672725,3913.5,0.025,3913.5,0.03,3913.03,0.03,3913.02,0.1,3913.01,0.033178,3913.0,1.0,3912.85,0.02,3912.84,0.456,3912.64,0.03006105,3911.01,0.25,3911.01,0.25,3911.0,0.63922271,3909.19,0.79666134,3913.67,0.14,3914.15,0.79586038,3914.16,0.71015182,3914.64,0.15576912,3914.64,0.06263,3914.64,0.32015959,3914.64,0.03116758,3914.64,0.06244427,3914.64,0.14935942,3914.64,0.01204201,3914.64,0.03602069,3914.64,0.0124123,3914.64,0.13382639,3914.64,0.40016517,3914.64,0.28193078
2017-09-08T11:01:25.502,3913.67,0.0,0.0,3913.66,0.03369255,3913.66,0.25,3913.66,0.1,3913.55,0.07672725,3913.5,0.025,3913.5,0.03,3913.02,0.03,3913.01,0.033178,3913.0,1.0,3912.86,0.02,3912.85,0.456,3912.64,0.03006105,3911.01,0.25,3911.0,0.63922271,3909.2,0.7966593,3913.67,0.14,3914.15,0.79586038,3914.16,0.71015182,3914.62,0.64557855,3914.62,0.06263,3914.64,0.15576912,3914.64,0.32015959,3914.64,0.03116758,3914.64,0.06244427,3914.64,0.14935942,3914.64,0.01204201,3914.64,0.03602069,3914.64,0.0124123,3914.64,0.13382639,3914.64,0.40016517
2017-09-08T11:01:27.809,3913.67,0.0,0.0,3913.66,0.03369255,3913.55,0.07672725,3913.5,0.025,3913.5,0.03,3913.02,0.03,3913.01,0.033178,3913.0,1.0,3912.87,0.02,3912.86,0.456,3912.64,0.03006105,3911.01,0.25,3911.0,0.63922271,3908.47,0.25,3908.46,0.07758365,3907.75,0.25,3913.67,0.14,3914.15,0.79586038,3914.16,0.71015182,3914.16,0.07954412,3914.16,0.06103252,3914.62,0.64557855,3914.62,0.06263,3914.64,0.15576912,3914.64,0.32015959,3914.64,0.03116758,3914.64,0.06244427,3914.64,0.14935942,3914.64,0.01204201,3914.64,0.03602069,3914.64,0.0124123
2017-09-08T11:01:30.375,3913.67,0.0,0.0,3913.66,0.03369255,3913.66,0.25,3913.66,0.1,3913.55,0.07672725,3913.5,0.025,3913.5,0.03,3913.02,0.03,3913.01,0.033178,3913.0,1.0,3912.66,0.02,3912.65,0.25,3912.64,0.03006105,3912.2,0.025,3911.01,0.25,3911.0,0.63922271,3913.67,0.14,3914.15,0.79586038,3914.16,0.71015182,3914.16,0.07954412,3914.16,0.06103252,3914.62,0.64557855,3914.62,0.06263,3914.64,0.15576912,3914.64,0.32015959,3914.64,0.03116758,3914.64,0.06244427,3914.64,0.14935942,3914.64,0.01204201,3914.64,0.03602069,3914.64,0.0124123
2017-09-08T11:01:32.846,3913.67,0.0,0.0,3913.66,0.03369255,3913.66,0.25,3913.66,0.1,3913.55,0.07672725,3913.5,0.025,3913.5,0.03,3913.02,0.03,3913.01,0.033178,3913.0,1.0,3912.65,0.02,3912.64,0.03006105,3912.64,0.456,3912.2,0.025,3911.01,0.25,3911.0,0.63922271,3913.67,0.14,3914.15,0.79586038,3914.16,0.71015182,3914.16,0.07954412,3914.16,0.06103252,3914.62,0.64557855,3914.62,0.06263,3914.64,0.15576912,3914.64,0.32015959,3914.64,0.03116758,3914.64,0.06244427,3914.64,0.14935942,3914.64,0.01204201,3914.64,0.03602069,3914.64,0.0124123
2017-09-08T11:01:35.144,3913.67,0.0,0.0,3913.66,0.03369255,3913.66,0.25,3913.66,0.1,3913.55,0.07672725,3913.5,0.025,3913.5,0.03,3913.02,0.03,3913.01,0.033178,3913.0,1.0,3912.66,0.02,3912.65,0.456,3912.64,0.03006105,3912.21,0.25,3912.2,0.025,3911.01,0.25,3913.67,0.14,3914.15,0.79586038,3914.16,0.71015182,3914.16,0.07954412,3914.16,0.06103252,3914.62,0.64557855,3914.62,0.06263,3914.64,0.15576912,3914.64,0.32015959,3914.64,0.03116758,3914.64,0.06244427,3914.64,0.14935942,3914.64,0.01204201,3914.64,0.03602069,3914.64,0.0124123
2017-09-08T11:01:37.826,3913.67,0.0,0.0,3913.66,0.03369255,3913.66,0.25,3913.66,0.1,3913.55,0.07672725,3913.5,0.025,3913.5,0.03,3913.02,0.03,3913.01,0.033178,3913.01,0.25,3913.01,0.02,3913.0,1.0,3912.66,0.456,3912.64,0.03006105,3912.2,0.025,3911.01,0.25,3913.67,0.14,3914.15,0.79586038,3914.16,0.71015182,3914.16,0.07954412,3914.16,0.06103252,3914.62,0.06263,3914.64,0.15576912,3914.64,0.32015959,3914.64,0.03116758,3914.64,0.06244427,3914.64,0.14935942,3914.64,0.01204201,3914.64,0.03602069,3914.64,0.0124123,3914.64,0.13382639
2017-09-08T11:01:40.162,3913.66,0.0,0.02,3913.66,0.01369255,3913.66,0.25,3913.66,0.1,3913.55,0.07672725,3913.51,0.01,3913.5,0.025,3913.5,0.03,3913.02,0.03,3913.01,0.033178,3913.0,1.0,3912.65,0.02,3912.64,0.03006105,3912.64,0.456,3912.22,0.07758365,3912.2,0.025,3913.67,0.14,3914.15,0.79586038,3914.16,0.71015182,3914.16,0.07954412,3914.16,0.06103252,3914.64,0.15576912,3914.64,0.32015959,3914.64,0.03116758,3914.64,0.06244427,3914.64,0.14935942,3914.64,0.01204201,3914.64,0.03602069,3914.64,0.0124123,3914.64,0.13382639,3914.64,0.40016517
2017-09-08T11:01:42.641,3913.66,0.0,0.0,3913.66,0.01369255,3913.66,0.25,3913.66,0.1,3913.55,0.07672725,3913.51,0.01,3913.5,0.025,3913.5,0.03,3913.02,0.03,3913.01,0.033178,3913.0,1.0,3912.71,0.02,3912.7,0.25,3912.68,0.456,3912.64,0.03006105,3912.22,0.07758365,3913.67,0.14,3914.15,0.79586038,3914.16,0.71015182,3914.16,0.07954412,3914.16,0.06103252,3914.64,0.15576912,3914.64,0.32015959,3914.64,0.03116758,3914.64,0.06244427,3914.64,0.14935942,3914.64,0.01204201,3914.64,0.03602069,3914.64,0.0124123,3914.64,0.13382639,3914.64,0.40016517
2017-09-08T11:01:45.385,3913.66,0.0,0.0,3913.66,0.01369255,3913.66,0.25,3913.66,0.1,3913.56,0.01,3913.55,0.07672725,3913.5,0.025,3913.5,0.03,3913.02,0.03,3913.01,0.033178,3913.0,1.0,3912.74,0.02,3912.73,0.25,3912.71,0.456,3912.64,0.03006105,3912.22,0.07758365,3913.67,0.14,3914.15,0.79586038,3914.16,0.71015182,3914.16,0.07954412,3914.16,0.06103252,3914.64,0.15576912,3914.64,0.32015959,3914.64,0.03116758,3914.64,0.06244427,3914.64,0.14935942,3914.64,0.01204201,3914.64,0.03602069,3914.64,0.0124123,3914.64,0.13382639,3914.64,0.40016517
2017-09-08T11:01:47.789,3913.66,0.0,0.0,3913.66,0.01369255,3913.66,0.25,3913.66,0.1,3913.56,0.01,3913.55,0.07672725,3913.5,0.025,3913.5,0.03,3913.02,0.03,3913.01,0.033178,3913.0,1.0,3912.75,0.02,3912.64,0.03006105,3912.23,0.25,3912.22,0.07758365,3912.2,0.025,3913.67,0.14,3914.15,0.79586038,3914.16,0.71015182,3914.16,0.07954412,3914.16,0.06103252,3914.64,0.15576912,3914.64,0.32015959,3914.64,0.03116758,3914.64,0.06244427,3914.64,0.14935942,3914.64,0.01204201,3914.64,0.03602069,3914.64,0.0124123,3914.64,0.13382639,3914.64,0.40016517
2017-09-08T11:01:50.147,3913.66,0.0,0.0,3913.66,0.01369255,3913.66,0.25,3913.66,0.1,3913.57,0.01,3913.55,0.07672725,3913.5,0.025,3913.5,0.03,3913.02,0.03,3913.01,0.033178,3913.0,1.0,3912.77,0.02,3912.76,0.456,3912.64,0.03006105,3912.23,0.25,3912.22,0.07758365,3913.67,0.14,3914.15,0.79586038,3914.16,0.71015182,3914.16,0.07954412,3914.16,0.06103252,3914.64,0.15576912,3914.64,0.32015959,3914.64,0.03116758,3914.64,0.06244427,3914.64,0.14935942,3914.64,0.01204201,3914.64,0.03602069,3914.64,0.0124123,3914.64,0.13382639,3914.64,0.40016517
2017-09-08T11:01:52.880,3913.66,0.0,0.0,3913.66,0.01369255,3913.55,0.07672725,3913.5,0.025,3913.5,0.03,3913.02,0.03,3913.01,0.033178,3913.0,1.0,3912.79,0.02,3912.78,0.456,3912.64,0.03006105,3912.23,0.25,3912.22,0.07758365,3912.2,0.025,3911.01,0.25,3911.0,0.63922271,3913.67,0.14,3914.15,0.79586038,3914.16,0.71015182,3914.16,0.07954412,3914.16,0.06103252,3914.64,0.15576912,3914.64,0.32015959,3914.64,0.03116758,3914.64,0.06244427,3914.64,0.14935942,3914.64,0.01204201,3914.64,0.03602069,3914.64,0.0124123,3914.64,0.13382639,3914.64,0.40016517
2017-09-08T11:01:55.260,3913.66,0.0,0.0,3913.66,0.01369255,3913.58,0.01,3913.55,0.07672725,3913.5,0.025,3913.5,0.03,3913.04,0.03,3913.03,0.1,3913.03,0.25,3913.01,0.033178,3913.0,1.0,3912.8,0.02,3912.79,0.456,3912.64,0.03006105,3912.22,0.07758365,3912.2,0.025,3913.67,0.14,3914.15,0.79586038,3914.16,0.71015182,3914.16,0.07954412,3914.16,0.06103252,3914.64,0.15576912,3914.64,0.32015959,3914.64,0.03116758,3914.64,0.06244427,3914.64,0.14935942,3914.64,0.01204201,3914.64,0.03602069,3914.64,0.0124123,3914.64,0.13382639,3914.64,0.40016517
2017-09-08T11:01:57.608,3913.66,0.0,0.0,3913.66,0.01369255,3913.58,0.01,3913.55,0.07672725,3913.5,0.025,3913.5,0.03,3913.01,0.033178,3913.0,1.0,3912.81,0.02,3912.8,0.456,3912.64,0.03006105,3912.22,0.07758365,3912.2,0.025,3911.01,0.25,3911.0,0.63922271,3909.2,0.25,3913.67,0.14,3914.15,0.79586038,3914.16,0.71015182,3914.16,0.07954412,3914.16,0.06103252,3914.64,0.15576912,3914.64,0.32015959,3914.64,0.03116758,3914.64,0.06244427,3914.64,0.14935942,3914.64,0.01204201,3914.64,0.03602069,3914.64,0.0124123,3914.64,0.13382639,3914.64,0.40016517
2017-09-08T11:02:00.370,3913.66,0.0,0.0,3913.66,0.01369255,3913.66,0.1,3913.66,0.25,3913.59,0.01,3913.55,0.07672725,3913.5,0.025,3913.5,0.03,3913.02,0.03,3913.01,0.033178,3913.0,1.0,3912.83,0.02,3912.82,0.456,3912.64,0.03006105,3912.22,0.07758365,3912.2,0.025,3913.67,0.14,3914.15,0.79586038,3914.16,0.71015182,3914.16,0.07954412,3914.16,0.06103252,3914.64,0.15576912,3914.64,0.32015959,3914.64,0.03116758,3914.64,0.06244427,3914.64,0.14935942,3914.64,0.01204201,3914.64,0.03602069,3914.64,0.0124123,3914.64,0.13382639,3914.64,0.40016517
2017-09-08T11:02:03.103,3913.66,0.0,0.0,3913.66,0.01369255,3913.66,0.25,3913.59,0.01,3913.55,0.07672725,3913.5,0.025,3913.5,0.03,3913.02,0.03,3913.01,0.033178,3913.0,1.0,3912.85,0.02,3912.84,0.456,3912.64,0.03006105,3912.23,0.25,3912.22,0.07758365,3912.2,0.025,3913.67,0.14,3914.15,0.79586038,3914.16,0.71015182,3914.16,0.07954412,3914.16,0.06103252,3914.64,0.15576912,3914.64,0.32015959,3914.64,0.03116758,3914.64,0.06244427,3914.64,0.14935942,3914.64,0.01204201,3914.64,0.03602069,3914.64,0.0124123,3914.64,0.13382639,3914.64,0.40016517
2017-09-08T11:02:05.611,3913.66,0.0,0.0,3913.66,0.01369255,3913.66,0.25,3913.66,0.1,3913.6,0.01,3913.55,0.07672725,3913.5,0.025,3913.5,0.03,3913.02,0.03,3913.01,0.033178,3913.0,1.0,3912.86,0.02,3912.85,0.456,3912.64,0.03006105,3912.23,0.25,3912.22,0.07758365,3913.67,0.14,3914.15,0.79586038,3914.16,0.71015182,3914.16,0.07954412,3914.16,0.06103252,3914.64,0.15576912,3914.64,0.32015959,3914.64,0.03116758,3914.64,0.06244427,3914.64,0.14935942,3914.64,0.01204201,3914.64,0.03602069,3914.64,0.0124123,3914.64,0.13382639,3914.64,0.40016517
2017-09-08T11:02:08.375,3913.66,0.0,0.0,3913.66,0.01369255,3913.66,0.25,3913.66,0.1,3913.6,0.01,3913.55,0.07672725,3913.5,0.025,3913.5,0.03,3913.02,0.03,3913.01,0.033178,3913.0,1.0,3912.88,0.02,3912.87,0.456,3912.64,0.03006105,3912.23,0.25,3912.22,0.07758365,3913.67,0.14,3914.15,0.79586038,3914.16,0.71015182,3914.16,0.07954412,3914.16,0.06103252,3914.64,0.15576912,3914.64,0.32015959,3914.64,0.03116758,3914.64,0.06244427,3914.64,0.14935942,3914.64,0.01204201,3914.64,0.03602069,3914.64,0.0124123,3914.64,0.13382639,3914.64,0.40016517
2017-09-08T11:02:11.145,3913.66,0.0,0.0,3913.66,0.01369255,3913.61,0.01,3913.55,0.07672725,3913.5,0.025,3913.5,0.03,3913.06,0.03,3913.05,0.25,3913.01,0.033178,3913.0,1.0,3912.89,0.02,3912.88,0.456,3912.64,0.03006105,3912.23,0.25,3912.22,0.07758365,3912.2,0.025,3913.67,0.14,3914.15,0.79586038,3914.16,0.71015182,3914.16,0.07954412,3914.16,0.06103252,3914.64,0.15576912,3914.64,0.32015959,3914.64,0.03116758,3914.64,0.06244427,3914.64,0.14935942,3914.64,0.01204201,3914.64,0.03602069,3914.64,0.0124123,3914.64,0.13382639,3914.64,0.40016517
2017-09-08T11:02:13.608,3913.66,0.0,0.0,3913.66,0.01369255,3913.61,0.01,3913.55,0.07672725,3913.5,0.025,3913.5,0.03,3913.04,0.03,3913.03,0.25,3913.01,0.033178,3913.0,1.0,3912.64,0.03006105,3912.22,0.07758365,3912.21,0.02,3912.2,0.025,3911.01,0.25,3911.0,0.63922271,3913.67,0.14,3914.15,0.79586038,3914.16,0.71015182,3914.16,0.07954412,3914.16,0.06103252,3914.64,0.15576912,3914.64,0.32015959,3914.64,0.03116758,3914.64,0.06244427,3914.64,0.14935942,3914.64,0.01204201,3914.64,0.03602069,3914.64,0.0124123,3914.64,0.13382639,3914.64,0.40016517
2017-09-08T11:02:16.157,3913.66,0.0,0.0,3913.66,0.01369255,3913.61,0.01,3913.5,0.025,3913.5,0.03,3913.14,0.03,3913.13,0.25,3913.11,0.1,3913.01,0.033178,3913.0,1.0,3912.67,0.02,3912.66,0.456,3912.64,0.03006105,3912.23,0.25,3912.22,0.07758365,3912.2,0.025,3913.67,0.14,3914.15,0.79586038,3914.16,0.71015182,3914.16,0.07954412,3914.16,0.06103252,3914.49,0.25953216,3914.64,0.15576912,3914.64,0.32015959,3914.64,0.03116758,3914.64,0.06244427,3914.64,0.14935942,3914.64,0.01204201,3914.64,0.03602069,3914.64,0.0124123,3914.64,0.13382639
2017-09-08T11:02:18.652,3913.66,0.0,0.0,3913.66,0.01369255,3913.62,0.01,3913.5,0.025,3913.5,0.03,3913.05,0.03,3913.04,0.1,3913.01,0.033178,3913.0,1.0,3912.68,0.02,3912.67,0.456,3912.64,0.03006105,3912.22,0.07758365,3912.2,0.025,3911.01,0.25,3911.0,0.63922271,3913.67,0.14,3914.15,0.79586038,3914.16,0.71015182,3914.16,0.07954412,3914.16,0.06103252,3914.49,0.25953216,3914.49,0.06263,3914.64,0.15576912,3914.64,0.32015959,3914.64,0.03116758,3914.64,0.06244427,3914.64,0.14935942,3914.64,0.01204201,3914.64,0.03602069,3914.64,0.0124123
2017-09-08T11:02:21.454,3913.66,0.0,0.0,3913.66,0.01369255,3913.5,0.025,3913.5,0.03,3913.13,0.03,3913.12,0.1,3913.12,0.25,3913.01,0.033178,3913.0,1.0,3912.68,0.02,3912.67,0.456,3912.64,0.03006105,3912.2,0.025,3911.02,0.01,3911.01,0.25,3911.0,0.63922271,3913.67,0.14,3914.15,0.79586038,3914.16,0.71015182,3914.16,0.07954412,3914.16,0.06103252,3914.16,0.05430601,3914.17,0.01206206,3914.59,0.71026335,3914.64,0.15576912,3914.64,0.32015959,3914.64,0.03116758,3914.64,0.06244427,3914.64,0.14935942,3914.64,0.01204201,3914.64,0.03602069
2017-09-08T11:02:24.309,3913.66,0.0,0.0,3913.66,0.01369255,3913.5,0.025,3913.5,0.03,3913.19,0.03,3913.18,0.25,3913.01,0.033178,3913.0,1.0,3912.7,0.02,3912.69,0.456,3912.64,0.03006105,3912.2,0.025,3911.03,0.25,3911.02,0.01,3911.0,0.63922271,3909.19,0.25,3913.67,0.14,3914.15,0.79586038,3914.16,0.71015182,3914.16,0.06103252,3914.16,0.05430601,3914.17,0.01206206,3914.59,0.71026335,3914.59,0.06263,3914.64,0.32015959,3914.64,0.03116758,3914.64,0.14935942,3914.64,0.01204201,3914.64,0.03602069,3914.64,0.0124123,3914.64,0.13382639
2017-09-08T11:02:26.881,3913.67,0.01,0.0,3913.66,0.01369255,3913.5,0.025,3913.5,0.03,3913.09,0.03,3913.08,0.1,3913.01,0.033178,3913.0,1.0,3912.71,0.02,3912.7,0.456,3912.64,0.03006105,3912.2,0.025,3911.01,0.25,3911.0,0.63922271,3909.19,0.25,3909.0,0.07758365,3913.67,0.13,3914.15,0.79586038,3914.16,0.71015182,3914.16,0.06103252,3914.16,0.05430601,3914.17,0.01206206,3914.59,0.71026335,3914.59,0.06263,3914.64,0.32015959,3914.64,0.03116758,3914.64,0.14935942,3914.64,0.01204201,3914.64,0.03602069,3914.64,0.0124123,3914.64,0.13382639
2017-09-08T11:02:29.393,3913.67,0.0,0.0,3913.66,0.01369255,3913.5,0.025,3913.5,0.03,3913.04,0.03,3913.03,0.1,3913.01,0.033178,3913.0,1.0,3912.64,0.03006105,3912.2,0.025,3911.01,0.25,3911.01,0.02,3911.0,0.63922271,3909.06,0.79668783,3909.0,0.07758365,3908.33,0.25,3913.67,0.13,3914.15,0.79586038,3914.16,0.71015182,3914.16,0.06103252,3914.16,0.05430601,3914.17,0.01206206,3914.59,0.71026335,3914.59,0.06263,3914.64,0.32015959,3914.64,0.14935942,3914.64,0.01204201,3914.64,0.03602069,3914.64,0.0124123,3914.64,0.13382639,3914.64,0.40016517
2017-09-08T11:02:31.869,3913.67,0.0,0.0,3913.66,0.01369255,3913.62,0.07672587,3913.5,0.025,3913.5,0.03,3913.03,0.1,3913.02,0.03,3913.01,0.033178,3913.0,1.0,3912.74,0.02,3912.73,0.456,3912.64,0.03006105,3912.2,0.025,3911.01,0.25,3911.0,0.63922271,3909.07,0.25,3913.67,0.13,3914.15,0.79586038,3914.16,0.71015182,3914.16,0.06103252,3914.16,0.05430601,3914.17,0.01206206,3914.59,0.71026335,3914.59,0.06263,3914.64,0.32015959,3914.64,0.14935942,3914.64,0.01204201,3914.64,0.03602069,3914.64,0.13382639,3914.64,0.40016517,3914.64,0.28193078
2017-09-08T11:02:34.487,3913.67,0.05,0.0,3913.66,0.01369255,3913.62,0.07672587,3913.5,0.025,3913.5,0.03,3913.01,0.033178,3913.0,1.0,3912.75,0.02,3912.74,0.456,3912.64,0.03006105,3912.2,0.025,3911.01,0.25,3911.0,0.63922271,3909.07,0.7966858,3909.0,0.07758365,3908.33,0.25,3913.67,0.08,3914.15,0.79586038,3914.16,0.71015182,3914.16,0.06103252,3914.16,0.05430601,3914.17,0.01206206,3914.59,0.71026335,3914.59,0.06263,3914.64,0.32015959,3914.64,0.14935942,3914.64,0.01204201,3914.64,0.03602069,3914.64,0.13382639,3914.64,0.40016517,3914.64,0.28193078
2017-09-08T11:02:37.006,3913.67,0.0,0.0,3913.66,0.01369255,3913.62,0.07672587,3913.5,0.025,3913.5,0.03,3913.04,0.03,3913.03,0.25,3913.01,0.033178,3913.0,1.0,3912.77,0.02,3912.76,0.456,3912.64,0.03006105,3912.2,0.025,3911.01,0.25,3911.0,0.63922271,3909.08,0.25,3913.67,0.08,3914.15,0.79586038,3914.16,0.71015182,3914.16,0.06103252,3914.16,0.05430601,3914.17,0.01206206,3914.59,0.71026335,3914.59,0.06263,3914.64,0.32015959,3914.64,0.14935942,3914.64,0.03602069,3914.64,0.13382639,3914.64,0.40016517,3914.64,0.28193078,3914.64,0.01265672
2017-09-08T11:02:39.860,3913.67,0.01,0.0,3913.66,0.01369255,3913.62,0.07672587,3913.5,0.025,3913.5,0.03,3913.11,0.25,3913.1,0.03,3913.09,0.1,3913.01,0.033178,3913.0,1.0,3912.78,0.02,3912.77,0.456,3912.64,0.03006105,3912.2,0.025,3911.01,0.25,3911.0,0.63922271,3913.67,0.07,3914.15,0.79586038,3914.16,0.71015182,3914.16,0.06103252,3914.16,0.05430601,3914.17,0.01206206,3914.59,0.71026335,3914.59,0.06263,3914.64,0.14935942,3914.64,0.03602069,3914.64,0.13382639,3914.64,0.40016517,3914.64,0.28193078,3914.64,0.01265672,3914.64,0.10033656
2017-09-08T11:02:42.372,3913.67,0.0,0.0,3913.66,0.01369255,3913.62,0.07672587,3913.5,0.025,3913.5,0.03,3913.02,0.03,3913.01,0.033178,3913.0,1.0,3912.8,0.1,3912.8,0.02,3912.79,0.456,3912.64,0.03006105,3912.2,0.025,3911.01,0.25,3911.0,0.63922271,3909.08,0.25,3913.67,0.07,3914.15,0.79586038,3914.16,0.71015182,3914.16,0.06103252,3914.16,0.05430601,3914.17,0.01206206,3914.59,0.71026335,3914.59,0.06263,3914.64,0.03602069,3914.64,0.13382639,3914.64,0.40016517,3914.64,0.28193078,3914.64,0.01265672,3914.64,0.10033656,3914.67,0.06129124
2017-09-08T11:02:45.198,3913.67,0.0,0.0,3913.66,0.01369255,3913.62,0.07672587,3913.5,0.025,3913.5,0.03,3913.04,0.03,3913.03,0.25,3913.01,0.033178,3913.0,1.0,3912.82,0.02,3912.81,0.456,3912.64,0.03006105,3911.0,0.63922271,3909.07,0.7966858,3909.01,0.25,3909.0,0.07758365,3913.67,0.07,3914.15,0.79586038,3914.16,0.71015182,3914.16,0.06103252,3914.16,0.05430601,3914.17,0.01206206,3914.57,0.14,3914.58,0.06263,3914.59,0.71026335,3914.64,0.03602069,3914.64,0.13382639,3914.64,0.28193078,3914.64,0.01265672,3914.64,0.10033656,3914.67,0.06129124
2017-09-08T11:02:47.779,3913.67,0.26,0.0,3913.66,0.01369255,3913.62,0.07672587,3913.62,0.03,3913.5,0.025,3913.07,0.25,3913.02,0.03,3913.02,0.1,3913.01,0.033178,3913.0,1.0,3912.83,0.02,3912.82,0.456,3912.72,0.03006105,3911.01,0.25,3911.0,0.63922271,3909.07,0.7966858,3914.15,0.60586038,3914.16,0.71015182,3914.16,0.06103252,3914.16,0.05430601,3914.17,0.01206206,3914.57,0.06263,3914.59,0.71026335,3914.63,0.14,3914.64,0.03602069,3914.64,0.13382639,3914.64,0.28193078,3914.64,0.01265672,3915.0,0.88975735,3915.0,0.02,3915.0,0.02555889
2017-09-08T11:02:50.381,3913.67,0.0,0.0,3913.66,0.01369255,3913.62,0.07672587,3913.62,0.03,3913.5,0.025,3913.02,0.03,3913.01,0.033178,3913.0,1.0,3912.84,0.02,3912.83,0.456,3912.72,0.03006105,3911.01,0.25,3911.0,0.63922271,3909.31,0.79663689,3909.01,0.25,3909.01,0.25,3914.15,0.60586038,3914.16,0.71015182,3914.16,0.05430601,3914.17,0.01206206,3914.59,0.71026335,3914.59,0.06263,3914.63,0.14,3914.64,0.03602069,3914.64,0.13382639,3914.64,0.01265672,3915.0,0.88975735,3915.0,0.02,3915.0,0.02555889,3915.07,0.30942056,3915.43,1.0
2017-09-08T11:02:52.977,3913.67,0.0,0.0,3913.66,0.01369255,3913.62,0.07672587,3913.62,0.03,3913.5,0.025,3913.06,0.03,3913.05,0.1,3913.03,0.25,3913.01,0.033178,3913.0,1.0,3912.86,0.02,3912.85,0.456,3912.72,0.03006105,3911.01,0.25,3911.0,0.63922271,3909.31,0.25,3914.16,0.71015182,3914.16,0.05430601,3914.17,0.01206206,3914.59,0.71026335,3914.59,0.06263,3914.64,0.13382639,3914.64,0.01265672,3914.99,0.14,3915.0,0.88975735,3915.0,0.02,3915.0,0.02555889,3915.07,0.30942056,3915.43,1.0,3915.48,0.03793059,3915.83,0.25
2017-09-08T11:02:56.082,3913.67,0.0,0.0,3913.66,0.01369255,3913.62,0.07672587,3913.62,0.03,3913.5,0.025,3913.08,0.03,3913.07,0.1,3913.0,1.0,3912.72,0.03006105,3911.02,0.02,3911.01,0.25,3911.0,0.63922271,3909.09,0.25,3909.08,0.11178089,3908.33,0.25,3908.32,0.01,3914.15,0.76166038,3914.16,0.71015182,3914.16,0.05430601,3914.17,0.01206206,3914.59,0.71026335,3914.59,0.06263,3914.64,0.01265672,3914.99,0.14,3915.0,0.88975735,3915.0,0.02,3915.0,0.02555889,3915.43,1.0,3915.48,0.03793059,3916.0,0.1,3916.52,0.16488095
2017-09-08T11:02:58.625,3913.67,0.0,0.0,3913.66,0.01369255,3913.62,0.07672587,3913.62,0.03,3913.5,0.025,3913.02,0.03,3913.01,0.033178,3913.0,1.0,3912.89,0.02,3912.88,0.456,3912.72,0.03006105,3911.01,0.25,3911.01,0.1,3911.01,0.25,3911.0,0.63922271,3909.3,0.79663892,3914.15,0.76166038,3914.16,0.71015182,3914.16,0.05430601,3914.17,0.01206206,3914.58,0.14,3914.59,0.71026335,3914.59,0.06263,3915.0,0.88975735,3915.0,0.02,3915.0,0.02555889,3915.42,0.25,3915.43,1.0,3916.0,0.1,3917.39,0.25,3917.4,0.15
2017-09-08T11:03:01.520,3913.67,0.0,0.0,3913.66,0.01369255,3913.62,0.07672587,3913.62,0.03,3913.5,0.025,3913.02,0.03,3913.01,0.033178,3913.0,1.0,3912.9,0.02,3912.89,0.456,3912.72,0.03006105,3911.01,0.1,3911.01,0.25,3911.01,0.25,3911.0,0.63922271,3909.31,0.25,3914.15,0.76166038,3914.15,0.14,3914.16,0.71015182,3914.16,0.05430601,3914.17,0.01206206,3914.17,0.06658701,3914.59,0.71026335,3914.59,0.06263,3915.0,0.88975735,3915.0,0.02,3915.0,0.02555889,3915.42,0.25,3915.43,1.0,3916.0,0.1,3917.39,0.25
2017-09-08T11:03:04.203,3913.67,0.0,0.0,3913.66,0.01369255,3913.62,0.07672587,3913.62,0.03,3913.5,0.025,3913.02,0.03,3913.01,0.033178,3913.0,1.0,3912.91,0.02,3912.9,0.456,3912.73,0.1,3912.73,0.25,3912.72,0.03006105,3911.0,0.63922271,3909.31,0.25,3909.31,0.25,3914.15,0.76166038,3914.16,0.71015182,3914.16,0.05430601,3914.17,0.01206206,3914.17,0.06658701,3914.17,0.1505741,3914.17,0.12220223,3914.17,0.01131681,3914.58,0.06263,3914.59,0.71026335,3915.0,0.88975735,3915.0,0.02,3915.0,0.02555889,3915.43,1.0,3915.99,0.25
2017-09-08T11:03:06.805,3913.67,0.0,0.0,3913.66,0.01369255,3913.5,0.025,3913.03,0.03,3913.02,0.03,3913.01,0.033178,3913.0,1.0,3912.92,0.02,3912.91,0.456,3912.72,0.03006105,3911.01,0.25,3911.0,0.63922271,3909.31,0.25,3909.31,0.25,3908.85,0.05,3908.23,0.25,3914.15,0.76166038,3914.16,0.71015182,3914.16,0.05430601,3914.17,0.01206206,3914.17,0.06658701,3914.17,0.1505741,3914.17,0.12220223,3914.17,0.01131681,3914.17,0.03596339,3914.17,0.01470199,3914.58,0.14,3914.58,0.06263,3914.59,0.71026335,3915.0,0.88975735,3915.0,0.02
2017-09-08T11:03:09.452,3913.67,0.0,0.0,3913.66,0.01369255,3913.5,0.025,3913.03,0.03,3913.02,0.03,3913.01,0.033178,3913.0,1.0,3913.0,0.456,3912.73,0.1,3912.73,0.25,3912.72,0.03006105,3911.01,0.25,3911.0,0.63922271,3909.3,0.79663892,3908.85,0.05,3908.22,0.01,3914.15,0.76166038,3914.15,0.71015182,3914.16,0.71015182,3914.16,0.05430601,3914.17,0.01206206,3914.17,0.06658701,3914.17,0.1505741,3914.17,0.12220223,3914.17,0.01131681,3914.17,0.03596339,3914.17,0.01470199,3914.17,0.04397945,3914.17,0.40462734,3914.17,0.01536291,3914.57,0.06263
2017-09-08T11:03:12.081,3913.67,0.0,0.0,3913.66,0.01369255,3913.5,0.025,3913.02,0.03,3913.02,0.03,3913.01,0.033178,3913.01,0.456,3913.0,1.0,3912.73,0.1,3912.73,0.25,3912.72,0.03006105,3911.01,0.25,3911.0,0.63922271,3909.31,0.25,3909.31,0.25,3908.85,0.05,3914.15,0.76166038,3914.15,0.71015182,3914.16,0.71015182,3914.16,0.05430601,3914.17,0.01206206,3914.17,0.06658701,3914.17,0.1505741,3914.17,0.12220223,3914.17,0.01131681,3914.17,0.03596339,3914.17,0.01470199,3914.17,0.04397945,3914.17,0.40462734,3914.17,0.01536291,3914.55,0.14
2017-09-08T11:03:14.815,3913.67,0.0,0.0,3913.66,0.01369255,3913.5,0.025,3913.5,0.03,3913.03,0.03,3913.02,0.456,3913.01,0.033178,3913.0,1.0,3912.74,0.02,3912.73,0.25,3912.72,0.03006105,3911.01,0.25,3911.0,0.63922271,3909.31,0.25,3908.85,0.05,3908.76,0.01,3914.14,0.71015182,3914.15,0.76166038,3914.15,0.71015182,3914.16,0.05430601,3914.17,0.01206206,3914.17,0.06658701,3914.17,0.1505741,3914.17,0.12220223,3914.17,0.01131681,3914.17,0.03596339,3914.17,0.01470199,3914.17,0.04397945,3914.17,0.40462734,3914.17,0.01536291,3914.17,0.14299469
2017-09-08T11:03:17.705,3913.67,0.0,0.0,3913.66,0.01369255,3913.5,0.025,3913.03,0.03,3913.03,0.03,3913.02,0.456,3913.01,0.033178,3913.01,0.02,3913.0,1.0,3912.72,0.03006105,3911.0,0.63922271,3909.3,0.25,3908.85,0.05,3908.76,0.01,3905.51,0.25,3905.51,0.25,3914.13,0.71015182,3914.13,0.14,3914.14,0.71015182,3914.15,0.76166038,3914.16,0.05430601,3914.17,0.01206206,3914.17,0.06658701,3914.17,0.1505741,3914.17,0.12220223,3914.17,0.01131681,3914.17,0.03596339,3914.17,0.01470199,3914.17,0.04397945,3914.17,0.40462734,3914.17,0.01536291
2017-09-08T11:03:20.378,3913.67,0.0,0.0,3913.66,0.01369255,3913.5,0.025,3913.5,0.03,3913.04,0.03,3913.03,0.456,3913.0,1.0,3912.73,0.02,3912.72,0.03006105,3911.0,0.63922271,3909.3,0.25,3909.29,0.79664096,3908.86,0.25,3908.85,0.05,3908.76,0.01,3905.51,0.25,3914.12,0.14,3914.13,0.71015182,3914.14,0.71015182,3914.15,0.76166038,3914.16,0.05430601,3914.17,0.01206206,3914.17,0.06658701,3914.17,0.1505741,3914.17,0.12220223,3914.17,0.01131681,3914.17,0.03596339,3914.17,0.01470199,3914.17,0.04397945,3914.17,0.40462734,3914.17,0.01536291
2017-09-08T11:03:23.102,3913.67,0.0,0.0,3913.66,0.01369255,3913.5,0.025,3913.5,0.03,3913.05,0.03,3913.04,0.456,3913.0,1.0,3912.73,0.02,3912.72,0.03006105,3911.01,0.1,3911.01,0.25,3911.0,0.63922271,3908.85,0.05,3908.77,0.25,3908.76,0.01,3904.64,0.25,3914.11,0.14,3914.12,0.71015182,3914.13,0.71015182,3914.15,0.76166038,3914.16,0.05430601,3914.17,0.01206206,3914.17,0.06658701,3914.17,0.1505741,3914.17,0.12220223,3914.17,0.01131681,3914.17,0.03596339,3914.17,0.01470199,3914.17,0.04397945,3914.17,0.40462734,3914.17,0.01536291
2017-09-08T11:03:25.805,3913.67,0.0,0.0,3913.68,0.0767247,3913.66,0.01369255,3913.5,0.025,3913.02,0.03,3913.01,0.03,3913.0,1.0,3912.72,0.03006105,3911.02,0.02,3911.01,0.1,3911.01,0.25,3911.01,0.25,3911.0,0.63922271,3908.86,0.25,3908.85,0.05,3908.77,0.25,3914.11,0.14,3914.12,0.71015182,3914.13,0.71015182,3914.15,0.76166038,3914.16,0.05430601,3914.17,0.01206206,3914.17,0.06658701,3914.17,0.1505741,3914.17,0.12220223,3914.17,0.01131681,3914.17,0.03596339,3914.17,0.01470199,3914.17,0.04397945,3914.17,0.40462734,3914.17,0.01536291
2017-09-08T11:03:28.585,3914.1,0.02,0.0,3913.68,0.0767247,3913.66,0.01369255,3913.5,0.025,3913.03,0.03,3913.03,0.456,3913.01,0.02,3913.0,1.0,3912.72,0.03006105,3911.01,0.1,3911.01,0.25,3911.01,0.02,3911.0,0.63922271,3909.28,0.796643,3908.86,0.25,3908.85,0.05,3914.1,0.12,3914.11,0.71015182,3914.12,0.71015182,3914.15,0.76166038,3914.16,0.05430601,3914.17,0.01206206,3914.17,0.06658701,3914.17,0.1505741,3914.17,0.12220223,3914.17,0.01131681,3914.17,0.03596339,3914.17,0.01470199,3914.17,0.04397945,3914.17,0.40462734,3914.17,0.01536291
2017-09-08T11:03:31.383,3914.1,0.0,0.0,3913.68,0.0767247,3913.68,0.01369255,3913.5,0.025,3913.05,0.03,3913.05,0.03,3913.04,0.456,3913.01,0.02,3913.0,1.0,3912.72,0.03006105,3911.01,0.12,3911.01,0.25,3911.0,0.63922271,3909.28,0.796643,3908.86,0.25,3908.86,0.25,3914.1,0.12,3914.11,0.71015182,3914.15,0.76166038,3914.16,0.05430601,3914.17,0.01206206,3914.17,0.06658701,3914.17,0.1505741,3914.17,0.12220223,3914.17,0.01131681,3914.17,0.03596339,3914.17,0.01470199,3914.17,0.04397945,3914.17,0.40462734,3914.17,0.01536291,3914.17,0.14299469
2017-09-08T11:03:34.164,3914.1,0.0,0.0,3913.68,0.0767247,3913.68,0.01369255,3913.5,0.025,3913.5,0.03,3913.08,0.03,3913.08,0.03,3913.07,0.456,3913.01,0.02,3913.0,1.0,3912.72,0.03006105,3911.01,0.12,3911.01,0.25,3911.0,0.63922271,3909.29,0.25,3909.29,0.25,3913.77,0.12,3913.78,0.27437581,3913.99,0.09780244,3913.99,0.13766327,3913.99,0.03014031,3914.1,0.71015182,3914.11,0.71015182,3914.15,0.76166038,3914.17,0.01206206,3914.17,0.06658701,3914.17,0.1505741,3914.17,0.12220223,3914.17,0.01131681,3914.17,0.03596339,3914.17,0.01470199
2017-09-08T11:03:36.987,3914.1,0.0,0.0,3913.68,0.0767247,3913.68,0.01369255,3913.5,0.025,3913.01,0.03,3913.01,0.03,3913.0,1.0,3912.72,0.03006105,3911.01,0.12,3911.01,0.25,3911.01,0.02,3911.0,0.63922271,3909.31,0.25,3909.31,0.25,3908.85,0.05,3908.76,0.01,3913.77,0.12,3913.78,0.27437581,3913.79,0.09017744,3913.8,0.31756901,3913.8,0.09055525,3913.99,0.09780244,3913.99,0.13766327,3913.99,0.03014031,3913.99,0.01500858,3914.1,0.71015182,3914.1,0.71015182,3914.15,0.76166038,3914.17,0.01206206,3914.17,0.06658701,3914.17,0.1505741
2017-09-08T11:03:40.082,3914.1,0.0,0.0,3913.0,1.0,3912.72,0.03006105,3911.01,0.02,3911.0,0.63922271,3908.85,0.05,3904.66,0.25,3904.66,0.25,3904.66,0.25,3904.66,0.12,3904.66,0.25,3904.65,0.01,3902.75,0.25,3902.6,0.25,3902.59,0.11178132,3902.27,0.033269,3913.76,0.25,3913.76,0.25,3913.76,0.12,3913.76,0.25,3913.77,0.06263,3913.77,0.20226312,3913.78,0.27437581,3913.79,0.26432986,3913.8,0.09055525,3913.99,0.09780244,3913.99,0.13766327,3913.99,0.03014031,3913.99,0.01500858,3913.99,0.26274991,3913.99,0.21678991
2017-09-08T11:03:42.880,3912.85,0.0,1.28070209,3911.01,0.456,3911.0,0.63922271,3910.9,0.03,3904.67,0.02,3904.66,0.25,3904.66,0.25,3904.66,0.25,3904.66,0.12,3904.66,0.25,3904.65,0.01,3902.6,0.25,3902.6,0.25,3902.59,0.11178132,3902.27,0.033269,3901.11,0.25,3911.09,0.06104607,3913.73,0.25,3913.73,0.25,3913.73,0.01,3913.73,0.25,3913.73,0.12,3913.74,0.06263,3913.77,0.09021656,3913.78,0.27437581,3913.8,0.09055525,3913.99,0.09780244,3913.99,0.13766327,3913.99,0.03014031,3913.99,0.01500858,3913.99,0.26274991
2017-09-08T11:03:45.689,3912.85,0.0,0.0,3911.02,0.03006105,3911.0,0.63922271,3910.9,0.03,3908.86,0.02,3908.85,0.44022536,3908.85,0.05,3908.76,0.01,3906.33,0.02,3906.32,0.79724665,3904.66,0.25,3904.66,0.25,3904.66,0.25,3904.66,0.25,3902.76,0.01,3902.6,0.25,3911.08,0.12,3911.08,0.25,3911.08,0.08382347,3911.31,0.01,3911.32,0.12137664,3912.0,0.56720984,3912.33,0.61152216,3912.56,0.25,3912.57,0.07840464,3912.58,0.02594432,3913.75,0.02636668,3913.76,0.71015182,3913.77,0.09021656,3913.8,0.09055525,3913.95,0.03006105
2017-09-08T11:03:48.844,3912.85,0.0,0.0,3911.02,0.03006105,3911.0,0.63922271,3911.0,0.03,3908.86,0.02,3908.86,0.44022536,3908.85,0.05,3908.76,0.01,3906.45,0.12,3906.45,0.25,3906.44,0.02,3906.43,0.7972242,3902.77,0.25,3902.77,0.25,3902.77,0.25,3902.77,0.25,3911.3,0.25,3911.3,0.12,3911.31,0.03,3911.32,0.12137664,3911.48,0.01,3911.48,0.07840464,3911.49,0.68725336,3911.49,0.10145207,3911.74,0.63862466,3911.89,0.30965621,3912.0,0.56720984,3912.33,0.61152216,3912.58,0.02594432,3912.58,0.02573905,3913.74,0.25
2017-09-08T11:03:51.929,3912.85,0.0,0.0,3911.02,0.03006105,3911.0,0.63922271,3908.86,0.02,3908.86,0.44022536,3908.85,0.05,3908.76,0.01,3906.31,0.12,3902.8,0.02,3902.8,0.25,3902.79,4.31587281,3901.11,0.25,3901.1,0.011478,3900.48,0.24,3900.47,0.11186264,3900.03,0.01,3911.03,0.71015182,3911.03,0.12,3911.07,0.76166038,3911.17,0.03,3911.23,0.08256724,3911.29,0.01,3911.29,0.07840464,3911.32,0.12137664,3911.74,0.63862466,3911.89,0.30965621,3912.0,0.56720984,3912.33,0.61152216,3912.57,0.25,3912.58,0.02594432,3913.74,0.71015182
2017-09-08T11:03:54.995,3911.03,0.02,0.0,3911.02,0.03006105,3911.0,0.63922271,3908.87,0.03,3908.86,0.02,3908.86,0.44022536,3908.85,0.05,3908.76,0.01,3906.31,0.25,3902.81,0.02,3902.8,0.25,3902.8,0.25,3902.8,0.25,3901.11,0.25,3901.11,0.25,3901.1,0.011478,3911.03,0.69015182,3911.03,0.12,3911.03,0.25,3911.07,0.76166038,3911.17,0.03,3911.17,0.07840464,3911.23,0.08256724,3911.31,0.02997666,3911.32,0.12137664,3911.74,0.63862466,3911.89,0.30965621,3912.0,0.56720984,3912.33,0.61152216,3912.58,0.02594432,3913.72,0.25
2017-09-08T11:03:58.043,3911.02,0.0,0.66928376,3908.89,0.03006105,3908.88,0.03,3908.87,0.44022536,3908.86,0.02,3908.85,0.05,3907.98,0.01,3906.3,0.12,3901.14,0.25,3901.13,0.02,3901.12,4.31587281,3901.1,0.011478,3900.47,0.11186264,3900.04,0.25,3900.03,0.01,3900.01,0.445,3910.08,0.02997666,3910.09,0.02973239,3910.09,0.03,3911.02,0.25,3911.03,0.69015182,3911.07,0.76166038,3911.16,0.07840464,3911.32,0.12137664,3911.74,0.63862466,3911.89,0.30965621,3912.0,0.56720984,3912.32,0.25,3912.33,0.61152216,3912.58,0.02594432,3913.72,0.25
2017-09-08T11:04:00.885,3909.28,0.1,0.0,3908.89,0.03006105,3908.86,0.02,3908.85,0.05,3907.6,0.03,3907.59,0.03,3907.59,0.44022536,3907.58,0.01,3901.15,0.25,3901.15,0.25,3901.1,0.011478,3900.04,0.25,3900.02,0.02,3900.01,0.445,3898.91,0.24,3898.9,0.033298,3909.28,0.02,3909.29,0.191793,3909.29,0.13407962,3909.29,0.02991263,3909.29,0.10713963,3909.29,0.03,3909.34,0.08835827,3909.9,0.7329439,3910.07,0.07840464,3910.08,0.80917177,3910.09,0.02973239,3911.02,0.25,3911.03,0.69015182,3911.07,0.76166038,3911.32,0.12137664
2017-09-08T11:04:03.823,3909.28,0.02,0.0,3909.28,0.01553851,3909.28,0.03006105,3908.88,0.03,3908.87,0.03,3908.86,0.02,3907.78,0.01,3907.78,0.44022536,3904.52,0.05,3904.51,0.79761623,3901.12,0.02,3901.11,0.25,3901.11,0.25,3901.1,0.011478,3900.05,4.31587281,3900.01,0.445,3909.29,0.191793,3909.29,0.13407962,3909.29,0.02991263,3909.29,0.10713963,3909.29,0.01589596,3909.29,0.25073195,3909.29,0.25,3909.29,0.25,3909.29,0.07840464,3909.43,0.03,3909.89,0.02997666,3909.9,0.7329439,3910.08,0.80917177,3911.03,0.69015182,3911.07,0.76166038
2017-09-08T11:04:06.790,3909.28,0.0,0.12559956,3907.8,0.03006105,3907.36,0.05,3907.35,0.44022536,3906.79,0.01,3903.52,0.22,3903.51,0.79782056,3901.17,0.02,3901.16,0.25,3901.13,0.02,3901.12,0.16307578,3901.1,0.011478,3900.05,4.31587281,3900.01,0.445,3898.91,0.25,3898.9,0.033298,3908.77,0.02997666,3908.77,0.03,3908.78,0.25,3908.8,0.01087396,3908.8,0.03,3908.9,0.70655182,3909.27,0.25,3909.29,0.191793,3909.29,0.13407962,3909.29,0.02991263,3909.29,0.10713963,3909.29,0.01589596,3909.29,0.25073195,3909.9,0.7329439,3910.08,0.80917177
2017-09-08T11:04:10.056,3909.28,0.0,0.0,3907.8,0.03006105,3907.38,0.05,3907.37,0.44022536,3906.56,0.01,3901.15,0.24,3901.15,0.25,3901.14,0.1,3901.1,0.011478,3900.01,0.445,3898.1,0.02,3898.09,0.25,3898.08,0.11186335,3897.02,0.24,3897.01,0.01,3896.57,0.6,3908.33,0.18112987,3908.33,0.03,3908.78,0.76166038,3908.8,0.01087396,3908.9,0.70655182,3909.28,0.25,3909.29,0.07840464,3910.08,0.80917177,3910.16,0.25017596,3911.02,0.25,3911.03,0.69015182,3911.32,0.12137664,3911.73,0.25,3911.74,0.63862466,3911.89,0.30965621
2017-09-08T11:04:13.169,3909.28,0.0,0.0,3907.8,0.03006105,3906.57,0.05,3906.57,0.44022536,3906.5,0.01,3906.5,0.05,3903.3,0.05,3903.29,0.25,3903.29,0.25,3901.18,0.02,3901.17,0.25,3901.17,0.24,3901.16,0.16307578,3901.1,0.011478,3900.01,0.445,3898.09,0.25,3908.21,0.02742703,3908.22,0.08246464,3908.22,0.03,3908.32,0.03,3908.33,0.18112987,3908.78,0.76166038,3908.8,0.01087396,3908.9,0.70655182,3909.27,0.07840464,3910.08,0.80917177,3910.16,0.25017596,3911.02,0.25,3911.03,0.69015182,3911.32,0.12137664,3911.73,0.25
2017-09-08T11:04:16.339,3909.28,0.0,0.0,3907.8,0.03006105,3906.59,0.01,3906.59,0.05,3906.58,0.44022536,3906.56,0.01,3903.22,0.24,3903.22,0.25,3903.22,0.02,3903.21,0.79788188,3901.2,0.25,3901.2,0.25,3901.19,0.16307578,3901.1,0.011478,3900.02,0.25,3900.01,0.445,3908.31,0.03,3908.32,0.25,3908.33,0.18112987,3908.77,0.01,3908.78,0.76166038,3908.9,0.70655182,3909.12,0.20301593,3909.25,0.25,3909.26,0.07840464,3910.08,0.80917177,3911.02,0.25,3911.03,0.69015182,3911.32,0.12137664,3911.73,0.25,3911.74,0.63862466
2017-09-08T11:04:19.323,3909.28,0.0,0.0,3907.8,0.03006105,3906.59,0.01,3906.59,0.05,3906.59,0.44022536,3906.37,0.01,3903.29,0.24,3903.28,0.25,3903.28,0.25,3903.28,0.02,3903.27,0.79786962,3901.2,0.25,3901.2,0.25,3901.19,0.16307578,3901.1,0.011478,3900.01,0.445,3907.95,0.09481097,3908.33,0.18112987,3908.33,0.0256748,3908.77,0.01,3908.78,0.76166038,3908.9,0.70655182,3909.12,0.20301593,3909.12,0.07840464,3910.08,0.80917177,3911.02,0.25,3911.03,0.69015182,3911.32,0.12137664,3911.73,0.25,3911.74,0.63862466,3912.0,0.56720984
2017-09-08T11:04:22.552,3909.28,0.0,0.0,3907.8,0.03006105,3906.6,0.05,3906.59,0.01,3906.59,0.44022536,3906.37,0.01,3903.28,0.24,3903.28,0.25,3903.28,0.25,3903.27,0.11194822,3903.27,0.01,3903.09,0.02,3903.08,0.79790846,3901.1,0.011478,3900.02,0.25,3900.01,0.445,3907.94,0.25,3907.95,0.09481097,3908.02,0.03,3908.33,0.18112987,3908.33,0.0256748,3908.33,0.1,3908.77,0.01,3908.78,0.76166038,3908.9,0.70655182,3909.11,0.25,3909.12,0.20301593,3909.12,0.07840464,3910.08,0.80917177,3911.02,0.25,3911.03,0.69015182
2017-09-08T11:04:25.939,3907.94,0.03828767,0.0,3907.8,0.03006105,3906.61,0.05,3906.61,0.01,3906.61,0.44022536,3906.37,0.01,3903.28,0.25,3903.28,0.25,3903.28,0.03,3903.28,0.25,3903.27,0.11194822,3903.27,0.01,3901.12,0.02,3901.11,0.25,3901.11,0.25,3901.1,0.011478,3907.94,0.21171233,3907.95,0.09481097,3908.02,0.03,3908.33,0.18112987,3908.33,0.0256748,3908.33,0.1,3908.77,0.01,3908.78,0.76166038,3908.9,0.70655182,3909.11,0.25,3909.12,0.20301593,3909.12,0.07840464,3910.08,0.80917177,3911.02,0.25,3911.03,0.69015182
2017-09-08T11:04:28.851,3907.94,0.0,0.0,3907.8,0.03006105,3906.61,0.05,3906.61,0.01,3906.61,0.44022536,3906.37,0.01,3903.28,0.25,3903.28,0.25,3903.28,0.03,3903.28,0.25,3903.27,0.11194822,3903.27,0.01,3901.14,0.02,3901.13,0.25,3901.13,0.25,3901.1,0.011478,3907.94,0.21171233,3907.95,0.09481097,3908.02,0.03,3908.33,0.18112987,3908.33,0.0256748,3908.33,0.1,3908.77,0.01,3908.78,0.76166038,3908.9,0.70655182,3909.12,0.20301593,3909.12,0.07840464,3910.07,0.25,3910.08,0.80917177,3911.02,0.25,3911.03,0.69015182
2017-09-08T11:04:32.057,3907.94,0.0,0.0,3907.8,0.03006105,3906.61,0.05,3906.61,0.01,3906.61,0.44022536,3906.37,0.01,3903.28,0.25,3903.28,0.25,3903.28,0.25,3903.28,0.03,3903.27,0.11194822,3903.27,0.01,3903.09,0.02,3903.08,0.79790846,3901.11,0.25,3901.11,0.25,3907.94,0.21171233,3907.95,0.09481097,3908.02,0.03,3908.33,0.18112987,3908.33,0.0256748,3908.33,0.1,3908.77,0.01,3908.78,0.76166038,3908.9,0.70655182,3909.11,0.25,3909.12,0.20301593,3909.12,0.07840464,3910.08,0.80917177,3911.31,0.25,3911.32,0.12137664
2017-09-08T11:04:35.039,3907.94,0.0,0.0,3907.8,0.03006105,3906.61,0.05,3906.61,0.01,3906.61,0.44022536,3906.37,0.01,3903.3,0.02,3903.29,4.31587281,3903.28,0.25,3903.28,0.03,3903.27,0.11194822,3903.27,0.01,3901.11,0.25,3901.11,0.25,3901.1,0.011478,3900.02,0.25,3907.94,0.21171233,3907.94,0.25,3907.95,0.09481097,3908.02,0.03,3908.33,0.18112987,3908.33,0.0256748,3908.33,0.1,3908.77,0.01,3908.78,0.76166038,3908.89,0.25,3908.9,0.70655182,3909.12,0.20301593,3909.12,0.07840464,3910.07,0.25,3910.08,0.80917177
2017-09-08T11:04:38.087,3907.94,0.04,0.0,3907.8,0.03006105,3907.7,0.025,3906.63,0.01,3906.63,0.05,3906.62,0.44022536,3906.37,0.01,3903.31,0.25,3903.31,0.03,3903.31,0.25,3903.31,0.04,3903.3,0.02,3903.29,4.31587281,3903.27,0.11194822,3903.27,0.01,3901.11,0.25,3907.94,0.17171233,3907.94,0.25,3907.95,0.09481097,3908.02,0.03,3908.33,0.18112987,3908.33,0.0256748,3908.33,0.1,3908.76,0.25,3908.77,0.01,3908.78,0.76166038,3908.9,0.70655182,3909.12,0.20301593,3909.12,0.07840464,3910.07,0.25,3910.08,0.80917177
2017-09-08T11:04:41.205,3907.94,0.0,0.0,3907.8,0.03006105,3907.7,0.025,3906.64,0.05,3906.63,0.01,3906.63,0.44022536,3906.62,0.11195366,3906.37,0.01,3903.3,0.07,3903.27,0.01,3901.13,0.25,3901.13,0.25,3901.13,0.25,3901.13,0.02,3901.12,0.11195366,3901.1,0.011478,3907.94,0.17171233,3907.94,0.25,3907.94,0.25,3907.95,0.09481097,3908.02,0.03,3908.33,0.18112987,3908.33,0.0256748,3908.33,0.1,3908.77,0.01,3908.78,0.76166038,3908.9,0.70655182,3909.11,0.25,3909.12,0.20301593,3909.12,0.07840464,3910.07,0.25
2017-09-08T11:04:44.333,3907.94,0.0,0.0,3907.8,0.03006105,3907.7,0.025,3906.66,0.05,3906.65,0.44022536,3906.63,0.01,3906.62,0.11195366,3906.37,0.01,3903.27,0.01,3903.18,0.79788802,3901.17,0.25,3901.15,0.07,3901.13,0.25,3901.1,0.011478,3900.03,0.25,3900.01,0.445,3907.94,0.17171233,3907.94,0.25,3907.94,0.25,3907.95,0.09481097,3908.02,0.03,3908.31,0.03,3908.32,0.25,3908.33,0.18112987,3908.33,0.0256748,3908.33,0.1,3908.77,0.01,3908.78,0.76166038,3908.9,0.70655182,3909.12,0.20301593,3909.12,0.07840464
2017-09-08T11:04:47.576,3907.94,0.0,0.0,3907.8,0.03006105,3907.7,0.025,3906.67,0.05,3906.66,0.44022536,3906.63,0.01,3906.62,0.11195366,3906.37,0.01,3903.27,0.01,3903.18,0.79788802,3901.12,0.02,3901.1,0.011478,3900.01,0.445,3899.16,0.11195366,3899.15,0.01,3898.08,0.25,3907.94,0.17171233,3907.94,0.25,3907.94,0.25,3907.94,0.25,3907.95,0.09481097,3908.02,0.03,3908.33,0.18112987,3908.33,0.0256748,3908.33,0.1,3908.76,0.25,3908.77,0.01,3908.78,0.76166038,3908.9,0.70655182,3909.12,0.20301593,3909.12,0.07840464
2017-09-08T11:04:50.543,3907.94,0.0,0.0,3907.8,0.03006105,3907.7,0.025,3907.7,0.05,3906.67,0.44022536,3906.63,0.01,3906.37,0.01,3903.29,0.02,3903.28,4.31587281,3903.18,0.79788802,3901.1,0.011478,3900.01,0.445,3899.16,0.11195366,3899.15,0.01,3898.07,0.01095576,3896.3,0.25,3907.92,0.17,3907.92,0.25,3907.92,0.25,3907.92,0.25,3907.93,0.1,3907.95,0.09481097,3908.02,0.03,3908.33,0.0256748,3908.77,0.01,3908.78,0.76166038,3908.9,0.70655182,3909.12,0.20301593,3909.12,0.07840464,3910.08,0.80917177,3911.32,0.12137664
2017-09-08T11:04:53.901,3907.92,0.05,0.0,3907.8,0.03006105,3907.7,0.025,3907.7,0.05,3906.37,0.01,3906.37,0.44022536,3906.13,0.01,3903.18,0.79788802,3901.1,0.011478,3900.02,0.02,3900.01,0.445,3899.16,0.11195366,3899.15,0.01,3898.08,0.07,3898.08,0.05,3898.07,0.01095576,3907.92,0.12,3907.92,0.25,3907.92,0.25,3907.92,0.25,3907.92,0.25,3907.92,0.24,3907.92,0.24,3907.93,0.1,3907.95,0.09481097,3908.02,0.03,3908.33,0.0256748,3908.49,0.03,3908.5,0.62848746,3908.77,0.01,3908.78,0.76166038
2017-09-08T11:04:57.466,3907.8,0.0,0.56528641,3904.65,0.03006105,3903.18,0.05,3903.18,0.01,3901.11,0.16307578,3901.1,0.011478,3900.48,0.79844033,3900.03,0.02,3900.03,0.033288,3900.02,4.31587281,3900.01,0.445,3899.16,0.11195366,3899.15,0.01,3898.08,0.07,3898.08,0.05,3898.07,0.01095576,3905.92,0.16238436,3905.92,0.03,3906.29,0.01480655,3907.92,0.24,3907.92,0.51863,3907.93,0.1,3908.33,0.0256748,3908.49,0.24,3908.5,0.62848746,3908.77,0.01,3908.78,0.76166038,3908.9,0.70655182,3909.12,0.20301593,3909.62,0.03006105,3910.08,0.80917177
2017-09-08T11:05:00.401,3907.8,0.0,0.0,3904.65,0.03006105,3903.18,0.05,3903.18,0.01,3901.11,0.16307578,3901.1,0.011478,3900.47,0.79844238,3900.03,0.033288,3900.01,0.445,3899.17,0.02,3899.16,0.11195366,3899.15,0.01,3898.07,0.01095576,3896.3,0.25,3896.3,0.25,3896.3,0.12,3905.92,0.16238436,3905.92,0.03,3906.29,0.01480655,3907.91,0.24,3907.93,0.1,3907.93,0.51863,3908.33,0.0256748,3908.5,0.62848746,3908.77,0.01,3908.78,0.76166038,3908.9,0.70655182,3909.12,0.20301593,3909.62,0.03006105,3910.08,0.80917177,3911.05,0.70606863
2017-09-08T11:05:03.431,3907.8,0.0,0.0,3904.65,0.03006105,3901.1,0.011478,3900.49,0.01,3900.48,0.79844033,3900.03,0.033288,3900.03,0.01,3900.01,0.445,3898.07,0.01095576,3894.86,0.01,3894.85,0.25,3894.85,0.25,3894.82,0.01,3893.43,0.02,3893.42,4.31587281,3893.4,0.25,3905.89,0.03,3905.9,0.03,3905.91,0.25,3905.91,0.25,3905.91,0.25,3905.91,0.12,3905.91,0.25,3905.91,0.24,3905.92,0.16238436,3906.29,0.01480655,3906.29,0.01275394,3906.29,0.03299916,3907.92,0.70655182,3907.92,0.24,3907.92,0.51863
2017-09-08T11:05:07.065,3907.8,0.0,0.0,3904.65,0.03006105,3901.1,0.011478,3900.47,0.01,3900.47,0.05,3900.03,0.033288,3900.01,0.445,3894.9,0.25,3893.19,0.01,3893.18,0.01734131,3892.01,0.25,3892.0,0.25977434,3890.65,0.25,3890.64,0.0109528,3890.23,0.02,3890.22,2.07,3904.66,0.76166038,3904.8,0.03,3905.85,0.03,3905.86,0.12,3905.86,0.25,3905.86,0.25,3905.86,0.25,3905.86,0.25,3905.86,0.24,3905.92,0.16238436,3906.29,0.01480655,3906.29,0.01275394,3906.29,0.03299916,3907.91,0.51863,3907.91,0.24
2017-09-08T11:05:10.088,3904.66,0.25,0.0,3904.65,0.03006105,3901.1,0.011478,3900.47,0.01,3900.47,0.05,3900.03,0.033288,3900.01,0.445,3894.94,0.01,3894.94,0.25,3894.92,0.25,3894.88,0.02,3894.87,4.31587281,3893.19,0.25,3893.18,0.01734131,3892.0,0.25977434,3890.64,0.0109528,3904.66,0.51166038,3904.66,0.70655182,3904.66,0.12,3904.66,0.25,3904.66,0.25,3904.66,0.25,3904.66,0.25,3904.8,0.03,3905.91,0.03,3905.92,0.16238436,3906.29,0.01480655,3906.29,0.01275394,3906.29,0.03299916,3907.89,0.24,3907.89,0.51863
2017-09-08T11:05:13.306,3904.65,0.0,0.18265869,3900.02,0.03006105,3900.02,0.01,3900.01,0.39716836,3897.43,0.79906517,3895.05,0.01,3895.04,0.16307578,3895.04,0.02,3895.03,0.25,3895.02,0.12,3893.19,0.25,3893.19,0.25,3893.18,0.01734131,3892.04,0.25,3892.0,0.25977434,3890.65,0.25,3904.63,0.03,3904.64,0.03,3904.64,0.25,3904.64,0.25,3904.64,0.25,3904.64,0.12,3904.64,0.24,3904.64,0.25,3904.66,0.70655182,3904.66,0.71666038,3905.91,0.71666038,3905.92,0.16238436,3906.29,0.01480655,3906.29,0.01275394,3906.29,0.03299916
2017-09-08T11:05:16.353,3904.65,0.0,0.0,3900.02,0.03006105,3900.02,0.01,3900.01,0.39716836,3897.43,0.79906517,3895.11,0.01,3895.11,0.02,3895.1,0.16307578,3895.1,0.25,3895.08,0.25,3895.08,0.12,3893.18,0.01734131,3892.02,0.25,3892.0,0.25977434,3890.66,0.25,3890.65,0.01,3904.62,0.03,3904.63,0.12,3904.63,0.25,3904.63,0.25,3904.63,0.25,3904.63,0.25,3904.63,0.24,3904.66,0.70655182,3904.66,0.71666038,3904.66,1.96146968,3905.9,0.24,3905.91,0.71666038,3905.92,0.16238436,3906.29,0.01480655,3906.29,0.01275394
2017-09-08T11:05:19.886,3904.65,0.0,0.0,3900.02,0.03006105,3900.01,0.39716836,3899.88,0.05,3897.43,0.16307578,3897.42,0.79906722,3895.17,0.01,3895.16,0.02,3895.15,0.25,3895.15,0.12,3895.15,0.25,3893.19,0.25,3893.18,0.01734131,3892.03,4.31587281,3892.01,0.25,3892.0,0.25977434,3900.03,0.70655182,3900.17,0.03,3904.6,0.03,3904.61,0.12,3904.66,0.70655182,3904.66,0.71666038,3904.66,1.96146968,3905.52,6.45383,3905.92,0.16238436,3906.29,0.01480655,3906.29,0.01275394,3906.29,0.03299916,3907.78,0.08838631,3907.78,0.51863,3907.89,0.70655182
2017-09-08T11:05:22.939,3900.02,0.0,1.71986477,3893.2,0.01,3892.06,0.03006105,3892.05,0.23720608,3892.04,0.02,3892.03,4.31587281,3892.0,0.25977434,3890.66,0.25,3890.65,0.01,3890.64,0.0109528,3890.03,0.25,3890.02,0.1570459,3890.0,0.3401748,3888.36,0.25,3888.35,0.5,3887.47,0.24,3900.01,0.03,3900.02,0.03006105,3900.02,0.2,3900.03,0.70655182,3900.03,0.25,3900.03,0.12,3904.65,0.01,3904.66,0.70655182,3904.66,0.71666038,3904.66,1.96146968,3905.51,0.033288,3905.91,0.24,3905.92,0.16238436,3905.92,6.45261,3906.29,0.01480655
2017-09-08T11:05:26.014,3899.94,0.03311,0.28013523,3893.23,0.25,3893.23,0.11,3893.23,0.25,3893.22,0.03006105,3893.22,0.23248108,3893.21,0.01,3892.07,0.23720608,3892.07,4.31587281,3892.0,0.25977434,3890.64,0.0109528,3890.01,0.25,3890.0,0.3401748,3888.37,0.02,3888.36,0.25,3888.35,0.5,3899.92,0.2,3899.93,0.13,3899.93,0.13,3899.93,0.25,3899.94,0.00689,3899.96,0.03006105,3899.98,0.25,3899.98,0.12,3900.02,0.01,3900.03,0.70655182,3900.03,0.71666038,3904.58,0.25,3904.58,0.25,3904.58,0.25,3904.59,0.70655182
2017-09-08T11:05:29.156,3899.94,0.0,0.0,3893.25,0.03006105,3893.23,0.25,3893.23,0.25,3893.23,0.01,3893.21,0.01,3892.08,0.02,3892.08,0.15737135,3892.07,4.31587281,3892.0,0.25977434,3890.66,0.01,3890.65,0.25,3890.64,0.0109528,3890.01,0.25,3890.0,0.3401748,3888.36,0.25,3893.79,0.03,3893.8,0.71666038,3899.88,0.2,3899.89,0.13,3899.89,0.79955958,3899.91,0.03006105,3899.94,0.00689,3900.02,0.01,3900.03,0.70655182,3900.03,0.71666038,3904.58,0.25,3904.58,0.25,3904.58,0.25,3904.58,0.24,3904.59,0.70655182
2017-09-08T11:05:32.304,3899.94,0.0,0.0,3893.54,0.11,3893.54,0.25,3893.54,0.25,3893.53,0.03006105,3893.52,0.02568,3893.26,4.31587281,3893.23,0.01,3893.21,0.01,3892.17,0.01,3892.09,0.25,3892.08,0.15737135,3892.0,0.25977434,3890.65,0.01,3890.64,0.0109528,3890.01,0.25,3893.8,0.71666038,3893.8,0.02567554,3893.82,0.03,3894.42,0.01,3894.43,0.70655182,3895.74,0.03006105,3899.85,0.25,3899.85,0.13,3899.88,0.2,3899.94,0.00689,3900.03,0.70655182,3900.03,0.71666038,3903.66,0.65485535,3904.58,0.25,3904.59,0.70655182
2017-09-08T11:05:35.715,3893.8,0.03,0.0,3893.56,0.03006105,3893.55,0.11,3893.52,0.02568,3893.27,0.02,3893.21,0.01,3892.18,0.25,3892.0,0.25977434,3890.68,0.25,3890.64,0.0109528,3890.01,0.25,3890.0,0.3401748,3888.72,0.25,3888.71,0.15749483,3888.37,0.01,3888.35,0.5,3893.79,0.2,3893.8,0.68666038,3893.8,0.02567554,3893.84,0.03,3893.84,0.79955958,3894.43,0.70655182,3895.56,0.03006105,3896.33,0.01,3896.34,0.31938324,3896.53,0.14032157,3897.14,0.6426016,3899.93,0.25,3899.93,0.25,3899.93,0.13,3899.94,0.00689
2017-09-08T11:05:38.853,3893.8,0.0,0.0,3893.57,0.25,3893.57,0.25,3893.57,0.11,3893.56,0.03006105,3893.52,0.02568,3893.22,0.03,3893.21,0.01,3892.01,0.25,3892.0,0.25977434,3890.67,0.01,3890.66,0.25,3890.64,0.0109528,3890.03,0.02,3890.02,4.31587281,3890.0,0.3401748,3893.79,0.02567554,3893.8,0.68666038,3893.84,0.03,3893.85,0.79955958,3894.42,0.01,3894.43,0.70655182,3895.56,0.03006105,3896.34,0.31938324,3896.74,0.01334502,3897.14,0.6426016,3898.37,0.25,3898.38,0.62663325,3898.38,0.72452423,3898.45,0.75277577,3898.68,0.025707
2017-09-08T11:05:42.000,3893.8,0.0,0.0,3893.57,0.25,3893.57,0.25,3893.57,0.11,3893.56,0.03006105,3893.52,0.02568,3893.22,0.03,3893.21,0.01,3892.01,0.25,3892.0,0.25977434,3890.71,0.01,3890.7,0.25,3890.64,0.0109528,3890.01,0.02,3890.0,0.3401748,3888.84,0.25,3893.79,0.02567554,3893.8,0.68666038,3893.84,0.03,3893.85,0.79955958,3894.43,0.70655182,3895.56,0.03006105,3896.63,0.18664368,3896.63,0.03604349,3896.74,0.01334502,3896.76,0.01406617,3896.76,0.29680702,3896.84,0.30828938,3897.12,0.14166342,3897.14,0.6426016,3898.37,0.25
2017-09-08T11:05:45.151,3893.8,0.0,0.0,3893.57,0.25,3893.57,0.25,3893.52,0.02568,3893.22,0.03,3893.21,0.01,3892.0,0.25977434,3890.69,0.01,3890.68,0.25,3890.64,0.0109528,3890.0,0.3401748,3888.87,0.02,3888.86,0.25,3888.85,4.31587281,3888.36,0.24,3888.35,0.5,3893.79,0.02567554,3893.8,0.68666038,3893.84,0.03,3894.42,0.70655182,3894.42,0.01,3894.43,0.70655182,3896.63,0.18664368,3896.63,0.03604349,3896.63,0.01529308,3896.67,0.03006105,3896.68,0.14119574,3896.74,0.01334502,3896.76,0.01406617,3896.76,0.29680702,3896.81,0.13321516
2017-09-08T11:05:48.574,3893.53,0.26,1.06131219,3893.66,0.02568,3892.74,0.03006105,3892.16,0.03,3892.0,0.25977434,3890.67,0.01,3890.66,0.15,3890.64,0.0109528,3890.0,0.3401748,3888.36,0.25,3888.36,0.02,3888.35,0.5,3887.48,0.16288873,3887.46,1.81,3886.46,0.24,3886.45,0.03,3893.77,0.12393873,3893.78,0.09,3893.78,0.25,3893.8,0.45233592,3893.82,0.01,3893.83,0.79955958,3893.87,0.03,3894.36,0.03006105,3894.42,0.70655182,3895.16,0.25,3896.27,0.31496692,3896.53,0.12713958,3896.54,0.25,3896.55,0.27792042,3896.58,0.11770276
2017-09-08T11:05:52.003,3893.53,0.0,0.0,3893.66,0.02568,3892.74,0.03006105,3892.16,0.03,3892.0,0.25977434,3890.67,0.01,3890.66,0.15,3890.64,0.0109528,3890.0,0.3401748,3888.39,0.25,3888.39,0.25,3888.38,0.02,3888.37,4.31587281,3888.35,0.5,3887.48,0.16288873,3887.46,1.81,3893.76,0.09,3893.76,0.25,3893.79,0.19013253,3893.8,0.45233592,3893.86,0.03,3893.87,0.01,3893.88,0.79955958,3894.36,0.03006105,3894.42,0.70655182,3895.27,0.69173603,3895.65,0.31564131,3895.71,0.25,3895.72,0.73652244,3896.11,0.25,3896.12,0.27843764
2017-09-08T11:05:55.241,3880.03,0.0,14.89312603,3892.01,0.03,3890.66,0.15,3877.67,0.20506659,3860.05,0.20506659,3855.37,0.03006105,3851.0,0.27525,3851.0,2.5968995,3850.0,0.021,3850.0,0.02,3850.0,0.683,3850.0,1.0,3850.0,0.04,3850.0,0.26,3848.0,0.017,3847.87,0.01837324,3893.71,0.03,3893.72,0.2,3893.72,0.03,3893.73,0.03006105,3893.76,0.66908198,3893.88,0.02,3893.89,0.79955958,3894.42,0.70655182,3895.23,0.27628468,3895.26,0.25,3895.72,0.73652244,3896.12,0.27843764,3896.13,0.26937236,3896.26,0.01,3896.26,0.66908198
2017-09-08T11:05:58.428,3860.01,0.0,2.51244673,3892.01,0.03,3886.69,1.95,3877.7,0.16,3877.69,0.6,3877.67,0.20506659,3860.06,0.6,3860.05,0.20506659,3855.38,0.6,3855.37,0.03006105,3851.0,0.27525,3851.0,2.5968995,3850.0,0.021,3850.0,0.02,3850.0,0.683,3850.0,1.0,3893.6,0.03,3893.6,0.03,3893.61,0.24,3893.61,0.25,3893.61,0.2,3893.62,0.25,3893.62,0.08,3893.62,0.25,3893.62,0.25,3893.66,0.03006105,3893.75,0.02,3893.76,0.66908198,3894.41,1.02963,3894.42,0.70655182,3895.22,0.25
2017-09-08T11:06:01.527,3893.56,0.11,1.96146968,3886.7,0.01,3886.69,0.01853032,3883.75,0.6,3883.74,0.03006105,3883.27,0.08849495,3877.68,0.6,3876.45,0.08849495,3870.22,0.08849495,3863.99,0.08849495,3860.06,0.6,3857.77,0.08849495,3851.0,0.27525,3851.0,2.5968995,3850.0,0.021,3850.0,0.02,3892.02,0.71501298,3893.46,0.03,3893.47,0.12,3893.49,0.03006105,3893.52,0.24,3893.52,0.25,3893.52,0.25,3893.55,0.79955958,3893.59,0.02,3893.73,0.78636186,3893.73,0.71501298,3893.81,0.01,3894.41,0.25,3894.42,1.02963,3895.22,0.71501298
2017-09-08T11:06:05.157,3893.56,0.0,0.0,3886.7,0.01,3886.69,0.01853032,3883.76,0.6,3883.75,0.16,3883.74,0.03006105,3883.27,0.08849495,3877.69,2.97481183,3876.45,0.08849495,3870.43,2.14859,3870.22,0.08849495,3863.99,0.08849495,3857.77,0.08849495,3851.04,1.50304,3851.0,0.27525,3851.0,2.5968995,3891.89,0.03006105,3891.9,0.03,3891.9,0.03,3891.91,0.25,3891.91,0.08,3891.91,0.25,3891.91,0.12,3891.94,0.79955958,3891.96,0.02,3891.97,0.63,3891.97,0.63,3892.0,0.63,3892.02,0.71501298,3893.43,1.02963,3893.49,0.01
2017-09-08T11:06:08.991,3891.82,0.1,0.0,3886.92,1.49,3886.7,0.01,3883.94,0.16,3883.93,0.03006105,3883.27,0.08849495,3876.45,0.08849495,3870.22,0.08849495,3867.89,2.14983,3863.99,0.08849495,3857.77,0.08849495,3851.0,0.27525,3851.0,2.5968995,3850.0,0.021,3850.0,0.02,3850.0,0.683,3891.79,0.12,3891.79,0.03,3891.8,0.08,3891.8,0.25,3891.8,0.25,3891.82,0.79955958,3891.83,0.61,3891.83,0.63,3891.84,0.03006105,3891.85,0.63,3891.93,0.02,3892.02,0.71501298,3893.37,0.25,3893.38,1.02963,3893.72,0.033288
2017-09-08T11:06:12.262,3886.92,3.83,0.1,3886.97,0.2,3886.97,0.03,3886.96,0.03006105,3886.96,0.23285549,3886.93,0.02,3886.92,1.39,3883.97,0.09,3883.97,0.25,3883.96,0.16,3883.89,0.80119209,3883.27,0.08849495,3877.71,2.97479649,3876.45,0.08849495,3873.08,2.14687,3870.22,0.08849495,3891.8,0.25,3891.8,0.25,3891.81,0.03,3892.02,0.33463361,3893.35,0.01,3893.36,1.02963,3893.36,0.25,3893.72,0.033288,3893.73,0.78636186,3893.81,0.01,3895.12,0.25,3895.13,0.03006105,3895.21,0.25,3895.22,0.71501298,3895.72,0.73652244
2017-09-08T11:06:15.546,3886.92,0.0,0.0,3887.01,0.2,3887.01,0.03,3887.0,0.03006105,3886.96,0.23285549,3886.93,0.02,3886.92,1.39,3883.92,0.8011859,3883.92,0.16,3883.29,0.63,3883.28,0.6,3883.27,0.08849495,3877.73,0.63,3877.72,0.6,3877.71,2.97479649,3876.47,0.63,3891.8,0.25,3891.8,0.25,3891.8,0.02933884,3891.81,0.03,3892.02,0.33463361,3893.32,1.02963,3893.7,0.01,3893.71,0.25,3893.72,0.033288,3893.73,0.78636186,3893.81,0.01,3895.12,0.25,3895.13,0.03006105,3895.22,0.71501298,3895.71,0.25
2017-09-08T11:06:18.710,3891.77,0.01,0.0,3887.01,0.03,3887.0,0.03006105,3886.93,0.02,3886.92,1.39,3883.27,0.08849495,3882.11,0.6,3882.1,0.06949356,3877.74,0.6,3877.72,0.06949356,3876.48,0.6,3876.45,0.08849495,3873.09,0.06949356,3870.22,0.08849495,3867.89,2.14966,3865.18,0.06949356,3891.75,0.03,3891.76,0.25,3891.79,0.64654469,3891.8,0.02933884,3891.81,0.03,3891.97,1.02963,3893.33,0.01,3893.34,0.64654469,3893.72,0.033288,3893.73,0.78636186,3893.81,0.01,3895.13,0.03006105,3895.72,0.73652244,3895.89,0.47378088,3896.1,0.78636186
2017-09-08T11:06:21.922,3891.77,0.0,0.0,3886.94,0.03010201,3886.93,0.03,3886.92,1.39,3884.0,0.02,3883.28,0.2,3883.27,0.08849495,3882.1,0.06949356,3877.75,0.25,3877.75,0.25,3877.75,0.24,3877.74,2.97477347,3877.72,0.06949356,3876.5,0.6,3876.45,0.08849495,3873.11,0.6,3887.29,0.03,3887.3,0.25,3887.31,0.1170108,3887.32,0.64654469,3891.74,0.01,3891.74,0.25,3891.76,1.02963,3891.78,0.78636186,3891.79,0.64654469,3891.8,0.02933884,3891.81,0.03,3893.27,0.01,3893.28,0.64654469,3893.72,0.033288,3893.81,0.01
2017-09-08T11:06:25.230,3891.77,0.0,0.0,3886.94,0.03010201,3886.93,0.03,3886.92,1.39,3883.28,0.02,3883.27,0.08849495,3882.1,0.06949356,3881.67,0.80165031,3877.76,2.97475813,3877.72,0.06949356,3876.51,0.63,3876.45,0.08849495,3873.12,0.63,3873.09,0.06949356,3870.25,0.63,3870.22,0.08849495,3887.28,0.01243732,3887.29,0.01001941,3887.29,0.03,3887.3,0.78636186,3887.31,0.1170108,3887.31,0.01,3887.32,0.64654469,3891.68,0.25,3891.68,0.25,3891.71,1.02963,3891.78,0.78636186,3891.8,0.02933884,3891.81,0.03,3893.22,0.25,3893.22,0.25
2017-09-08T11:06:28.457,3891.77,0.0,0.0,3886.94,0.03010201,3883.28,0.2,3883.27,0.08849495,3882.51,0.02,3882.5,1.39,3882.1,0.06949356,3881.67,0.80165031,3877.77,0.24,3877.77,0.25,3877.77,0.25,3877.76,2.97475813,3877.72,0.06949356,3876.53,0.63,3876.45,0.08849495,3873.14,0.63,3887.28,0.01243732,3887.3,0.78636186,3887.3,0.01,3887.32,0.64654469,3891.66,0.25,3891.67,1.02963,3891.78,0.78636186,3891.8,0.02933884,3891.81,0.03,3893.28,0.64654469,3893.72,0.033288,3893.81,0.01,3895.12,0.25,3895.13,0.03006105,3895.71,0.25
2017-09-08T11:06:32.035,3891.77,0.0,0.0,3886.95,0.08862619,3886.95,0.06953423,3886.95,0.03,3886.94,0.03010201,3882.51,0.02,3882.5,1.39,3882.11,0.08862619,3882.1,0.06949356,3876.55,0.63,3876.45,0.08849495,3873.13,0.06953423,3873.1,0.63,3873.09,0.06949356,3870.29,0.63,3870.22,0.08849495,3887.25,0.03,3887.26,0.25,3887.26,0.25,3887.26,0.25,3887.27,0.1170108,3887.27,0.64654469,3887.28,0.01243732,3887.28,0.01001941,3889.99,0.25,3889.99,0.25,3889.99,0.25,3890.0,0.01087396,3891.63,0.25,3891.64,1.02963,3891.64,0.033288
2017-09-08T11:06:35.549,3891.77,0.0,0.0,3886.95,0.08862619,3886.95,0.06953423,3886.95,0.03,3886.94,0.03010201,3882.52,0.2,3882.51,0.02,3882.5,1.39,3882.11,0.08862619,3882.1,0.06949356,3881.64,0.80165651,3877.79,0.24,3877.79,0.25,3877.79,0.25,3877.78,2.97474279,3876.57,0.6,3887.26,0.25,3887.26,0.25,3887.27,0.1170108,3887.27,0.64654469,3887.28,0.01243732,3887.28,0.01001941,3889.95,0.25,3889.95,0.25,3889.95,0.25,3890.0,0.01087396,3891.6,0.25,3891.6,0.25,3891.61,1.02963,3891.62,0.01,3891.64,0.033288
2017-09-08T11:06:38.768,3891.77,0.0,0.0,3886.95,0.08862619,3886.95,0.06953423,3886.95,0.03,3886.94,0.03010201,3882.52,0.16637513,3882.51,0.02,3882.5,1.39,3882.11,0.08862619,3882.1,0.06949356,3881.66,0.80165237,3877.79,0.24,3877.79,0.25,3877.79,0.25,3877.78,2.97474279,3877.72,0.06953441,3887.27,0.25,3887.27,0.25,3887.27,0.25,3887.27,0.25,3887.28,0.01243732,3887.28,0.1170108,3889.93,0.25,3889.93,0.25,3890.0,0.01087396,3891.59,0.25,3891.59,0.25,3891.59,0.01,3891.6,1.02963,3891.63,0.64654469,3891.64,0.033288
2017-09-08T11:06:42.310,3887.25,0.25,0.0,3886.95,0.08862619,3886.95,0.06953423,3886.95,0.03,3886.94,0.03010201,3882.52,0.16637513,3882.51,0.02,3882.5,1.39,3882.12,0.21,3882.11,0.08862619,3882.1,0.06949356,3881.66,0.80165237,3877.81,0.25,3877.81,0.25,3877.8,0.06953432,3877.8,0.24,3887.26,0.03,3887.26,0.25,3887.26,0.25,3887.26,0.22,3887.27,0.01001941,3887.28,0.01243732,3887.28,0.1170108,3889.91,0.25,3889.91,0.25,3890.0,0.01087396,3891.57,0.25,3891.57,0.01,3891.57,0.25,3891.58,1.02963,3891.64,0.033288
2017-09-08T11:06:45.790,3887.25,0.0,0.0,3886.95,0.08862619,3886.95,0.06953423,3886.95,0.03,3886.94,0.03010201,3882.52,0.2,3882.51,0.02,3882.5,1.39,3882.12,0.21,3882.11,0.08862619,3882.1,0.06949356,3877.81,0.25,3877.81,0.25,3877.81,0.24,3877.8,0.06953432,3877.8,2.97472745,3887.26,0.03,3887.26,0.25,3887.26,0.25,3887.26,0.22,3887.26,0.25,3887.26,0.1170108,3887.28,0.01243732,3889.89,0.25,3889.89,0.25,3890.0,0.01087396,3891.54,0.25,3891.54,0.25,3891.55,1.02963,3891.64,0.033288,3891.8,0.02933884
2017-09-08T11:06:49.282,3887.25,0.0,0.0,3886.95,0.08862619,3886.95,0.06953423,3886.95,0.03,3886.94,0.03010201,3882.52,0.2,3882.51,0.02,3882.5,1.39,3882.12,0.21,3882.11,0.08862619,3882.1,0.06949356,3881.65,0.80165444,3877.81,0.25,3877.81,0.25,3877.81,0.24,3877.8,0.06953432,3887.24,0.25,3887.24,0.25,3887.24,0.03,3887.24,0.25,3887.25,0.01001941,3887.26,0.1170108,3887.28,0.01243732,3890.0,0.01087396,3891.53,0.01,3891.53,1.02963,3891.64,0.033288,3891.81,0.03,3894.17,0.01,3894.19,0.25,3894.22,0.78636186
2017-09-08T11:06:52.616,3887.25,0.0,0.0,3886.95,0.08862619,3886.95,0.06953423,3886.95,0.03,3886.94,0.03010201,3882.51,0.02,3882.5,1.39,3882.11,0.08862619,3882.1,0.06949356,3881.66,0.21,3881.64,0.80165651,3880.01,0.24,3880.0,1.58032935,3877.83,0.25,3877.83,0.25,3877.82,2.9747121,3887.23,0.25,3887.23,0.25,3887.23,0.03,3887.23,0.25,3887.24,0.02933884,3887.25,0.01001941,3887.28,0.01243732,3889.99,0.25,3890.0,0.01087396,3891.5,0.25,3891.5,0.01,3891.5,1.02963,3891.64,0.033288,3891.81,0.03,3894.14,0.01
2017-09-08T11:06:55.902,3887.25,0.0,0.0,3886.95,0.08862619,3886.95,0.06953423,3886.95,0.23285609,3886.94,0.03010201,3886.93,0.03,3882.52,0.16918271,3882.51,0.02,3882.5,1.39,3882.11,0.08862619,3882.1,0.06949356,3881.65,0.21,3880.01,0.24,3880.0,1.58032935,3877.81,0.25,3877.81,0.25,3887.22,0.25,3887.22,0.25,3887.22,0.03,3887.22,0.25,3887.23,0.1170108,3887.24,0.02933884,3887.28,0.01243732,3889.99,0.25,3889.99,0.25,3890.0,0.01087396,3891.45,0.01,3891.46,0.25,3891.46,0.25,3891.5,0.64654469,3891.8,0.25
2017-09-08T11:06:59.515,3887.25,0.0,0.0,3886.95,0.08862619,3886.95,0.06953423,3886.95,0.23285609,3886.94,0.03010201,3886.93,0.03,3882.51,0.02,3882.5,1.39,3882.12,0.21,3882.11,0.08862619,3882.1,0.06949356,3881.63,0.80165857,3880.03,0.24,3880.02,2.97302542,3880.0,1.58032935,3877.81,0.25,3887.21,0.03,3887.21,0.25,3887.21,0.25,3887.21,0.25,3887.22,0.01001941,3887.23,0.1170108,3887.24,0.02933884,3887.28,0.01243732,3889.63,0.01282866,3889.97,0.01,3889.98,0.78636186,3890.0,0.01087396,3891.4,0.25,3891.42,0.25,3891.43,1.02963
2017-09-08T11:07:03.084,3887.21,0.01,0.0,3886.95,0.08862619,3886.95,0.06953423,3886.94,0.03010201,3886.93,0.03,3882.51,0.02,3882.5,1.39,3882.11,0.08862619,3882.1,0.06949356,3881.64,0.22,3880.03,0.24,3880.0,1.58032935,3877.81,0.25,3877.81,0.25,3877.8,0.06953432,3876.45,0.08849495,3887.24,0.02933884,3887.28,0.01243732,3889.62,0.25,3889.62,0.25,3889.63,0.01282866,3890.0,0.01087396,3891.46,0.25,3891.46,0.01,3891.47,0.033288,3891.47,1.02963,3891.5,0.64654469,3891.81,0.03,3892.8,0.25,3892.81,0.01,3894.55,0.25
2017-09-08T11:07:06.339,3887.21,0.0,0.0,3886.95,0.08862619,3886.95,0.06953423,3886.94,0.03010201,3886.93,0.03,3882.51,0.02,3882.5,1.39,3882.11,0.08862619,3882.1,0.06949356,3881.63,0.22,3881.62,0.80166064,3880.05,0.24,3880.04,2.9730101,3880.0,1.58032935,3877.82,0.6,3877.8,0.06953432,3887.2,0.25,3887.2,0.02,3887.2,0.25,3887.2,0.25,3887.21,0.1170108,3887.21,0.01001941,3887.24,0.02933884,3887.28,0.01243732,3889.62,0.25,3889.62,0.25,3889.63,0.01282866,3890.0,0.01087396,3891.31,0.01,3891.32,1.02963,3891.33,0.25
2017-09-08T11:07:09.648,3887.21,0.0,0.0,3886.95,0.08862619,3886.95,0.06953423,3886.95,0.23285609,3886.94,0.03010201,3886.93,0.03,3882.51,0.02,3882.5,1.39,3882.11,0.08862619,3882.1,0.06949356,3881.65,0.22,3881.62,0.80166064,3880.05,0.24,3880.04,2.9730101,3880.0,1.58032935,3877.85,0.25,3887.2,0.25,3887.2,0.02,3887.2,0.25,3887.2,0.25,3887.21,0.01001941,3887.24,0.02933884,3887.28,0.01243732,3889.62,0.25,3889.62,0.25,3889.63,0.01282866,3890.0,0.01087396,3891.19,0.25,3891.21,0.01,3891.22,1.02963,3891.47,0.033288
2017-09-08T11:07:12.958,3887.21,0.0,0.0,3886.95,0.08862619,3886.95,0.06953423,3886.95,0.23285609,3886.94,0.03010201,3886.93,0.03,3882.51,0.02,3882.5,1.39,3882.11,0.08862619,3882.1,0.06949356,3881.66,2.97176932,3881.62,0.80166064,3880.0,1.58032935,3877.88,0.63,3877.8,0.06953432,3876.5,0.63,3887.19,0.25,3887.19,0.02,3887.19,0.25,3887.19,0.25,3887.19,0.01001941,3887.2,0.1170108,3887.24,0.02933884,3887.28,0.01243732,3889.62,0.25,3889.62,0.25,3889.63,0.01282866,3890.0,0.01087396,3891.15,0.01,3891.16,0.25,3891.16,0.25
2017-09-08T11:07:16.562,3887.18,0.03,0.0,3886.95,0.08862619,3886.95,0.06953423,3886.95,0.23285609,3886.94,0.03010201,3886.91,0.03,3882.52,0.01,3882.51,0.02,3882.5,1.39,3882.11,0.08862619,3882.1,0.06949356,3881.67,0.03,3881.67,0.22,3881.66,2.97176932,3881.62,0.80166064,3880.0,1.58032935,3887.18,0.22,3887.18,0.25,3887.18,0.25,3887.18,0.02,3887.18,0.02,3887.19,0.01001941,3887.24,0.02933884,3887.28,0.01243732,3889.62,0.25,3889.62,0.25,3889.63,0.01282866,3890.0,0.01087396,3891.08,0.01,3891.09,0.25,3891.1,1.02963
2017-09-08T11:07:19.871,3887.18,0.0,0.0,3886.95,0.08862619,3886.95,0.06953423,3886.95,0.23285609,3886.94,0.03010201,3886.91,0.03,3882.52,0.01,3882.51,0.02,3882.5,1.39,3882.11,0.08862619,3882.1,0.06949356,3881.67,0.03,3881.66,2.97176932,3880.01,0.24,3880.0,1.58032935,3877.94,0.63,3887.17,0.01001941,3887.18,0.1170108,3887.24,0.02933884,3887.28,0.01243732,3889.62,0.25,3889.62,0.25,3889.63,0.01282866,3890.0,0.01087396,3890.83,0.01,3890.84,0.25,3890.85,0.03242072,3891.03,0.033288,3891.04,1.02963,3891.22,0.68099901,3891.8,0.25
2017-09-08T11:07:23.450,3887.18,0.0,0.0,3886.95,0.08862619,3886.95,0.06953423,3886.94,0.03010201,3886.91,0.03,3882.52,0.01,3882.51,0.02,3882.5,1.39,3882.11,0.08862619,3882.1,0.06949356,3881.95,0.80159249,3880.01,0.24,3880.0,1.58032935,3877.96,0.6,3877.95,0.25,3877.95,0.25,3887.16,0.25,3887.16,0.25,3887.16,0.24,3887.17,0.01001941,3887.18,0.1170108,3887.28,0.01243732,3889.62,0.25,3889.62,0.25,3889.63,0.01282866,3890.0,0.01087396,3890.78,0.01,3890.79,0.25,3890.8,1.02963,3890.81,0.25,3890.85,0.03242072
2017-09-08T11:07:27.089,3887.18,0.0,0.0,3886.95,0.08862619,3886.95,0.06953423,3886.95,0.23285609,3886.94,0.03010201,3886.91,0.03,3886.0,0.07775177,3882.52,0.01,3882.51,0.02,3882.5,1.39,3882.12,0.25,3882.11,0.08862619,3882.1,0.06949356,3881.95,0.80159249,3880.03,0.24,3880.02,2.97302542,3887.15,0.24,3887.15,0.25,3887.16,0.1170108,3887.16,0.02933884,3887.16,0.01001941,3887.28,0.01243732,3889.62,0.25,3889.62,0.25,3889.63,0.01282866,3890.0,0.01087396,3890.75,0.25,3890.75,0.01,3890.76,1.02963,3890.85,0.03242072,3891.03,0.033288
2017-09-08T11:07:30.481,3887.18,0.0,0.0,3886.97,0.03006105,3886.96,0.06953521,3886.95,0.08862619,3886.95,0.06953423,3886.91,0.03,3886.0,0.07775177,3882.52,0.01,3882.51,0.02,3882.5,1.39,3882.11,0.08862619,3882.1,0.06949356,3882.09,2.14454,3881.97,0.25,3881.96,0.08862745,3881.95,0.80159249,3887.15,0.24,3887.15,0.25,3887.15,0.25,3887.16,0.1170108,3887.16,0.02933884,3887.16,0.01001941,3887.28,0.01243732,3889.62,0.25,3889.62,0.25,3889.63,0.01282866,3890.0,0.01087396,3890.67,0.01,3890.68,0.25,3890.7,1.02963,3890.85,0.03242072
2017-09-08T11:07:33.976,3887.18,0.0,0.0,3886.97,0.03006105,3886.96,0.06953521,3886.95,0.08862619,3886.95,0.06953423,3886.91,0.03,3886.01,0.08862733,3886.0,0.07775177,3882.53,0.06953512,3882.52,0.01,3882.51,0.02,3882.5,1.39,3882.11,0.08862619,3882.1,0.06949356,3881.97,0.25,3880.04,2.9730101,3887.14,0.25,3887.14,0.25,3887.15,0.1170108,3887.16,0.02933884,3887.28,0.01243732,3889.62,0.25,3889.62,0.25,3889.63,0.01282866,3890.0,0.01087396,3890.62,0.01,3890.63,0.25,3890.63,1.02963,3890.84,0.25,3890.85,0.03242072,3890.85,0.10203372
2017-09-08T11:07:37.408,3887.18,0.0,0.0,3886.97,0.03006105,3886.96,0.06953521,3886.95,0.08862619,3886.95,0.06953423,3886.91,0.03,3886.01,0.08862733,3886.0,0.07775177,3882.54,0.25,3882.53,0.06953512,3882.52,0.01,3882.51,0.02,3882.5,1.39,3882.11,0.08862619,3882.1,0.06949356,3881.94,0.80159455,3887.13,0.24,3887.14,0.01001941,3887.15,0.1170108,3887.16,0.02933884,3887.28,0.01243732,3889.63,0.01282866,3890.0,0.01087396,3890.58,0.25,3890.59,0.01,3890.6,1.02963,3890.85,0.03242072,3890.85,0.10203372,3891.03,0.033288,3891.21,0.25,3891.22,0.68099901
2017-09-08T11:07:41.219,3887.18,0.0,0.0,3887.04,0.03006105,3887.04,0.17489298,3887.03,0.25,3886.97,0.23285489,3886.96,0.06953521,3886.95,0.08862619,3886.95,0.06953423,3886.63,1.27,3886.02,0.24,3886.01,0.08862733,3886.0,0.07775177,3882.61,0.25,3882.61,0.25,3882.6,0.01,3882.59,0.63,3887.14,0.01001941,3887.14,0.1170108,3887.16,0.02933884,3887.28,0.01243732,3889.63,0.01282866,3890.0,0.01087396,3890.83,0.24,3890.84,1.02963,3890.85,0.03242072,3890.85,0.10203372,3891.03,0.033288,3891.22,0.68099901,3891.8,0.25,3891.81,0.03,3892.8,0.25
2017-09-08T11:07:45.176,3887.18,0.0,0.0,3887.09,0.2,3887.08,0.25,3887.08,0.2328483,3887.07,0.03006105,3887.06,0.24,3886.96,0.06953521,3886.96,0.03,3886.95,0.08862619,3886.95,0.06953423,3886.64,0.02,3886.63,1.27,3886.01,0.08862733,3882.68,0.01,3882.67,0.63,3882.53,0.06953512,3887.14,0.01001941,3887.14,0.1170108,3887.16,0.02933884,3887.28,0.01243732,3889.63,0.01282866,3890.0,0.01087396,3890.85,0.03242072,3890.85,0.10203372,3890.85,1.02963,3891.21,0.01,3891.22,0.68099901,3891.81,0.03,3892.8,0.25,3892.81,0.01,3892.81,0.11975723
2017-09-08T11:07:48.709,3887.18,0.0,0.0,3887.13,0.03006105,3887.13,0.19399715,3887.12,0.25,3887.11,0.23284651,3886.98,0.03,3886.96,0.06953521,3886.95,0.08862619,3886.95,0.06953423,3886.65,0.24,3886.64,0.02,3886.63,1.27,3886.01,0.08862733,3882.72,0.01,3882.71,0.63,3882.71,0.25,3887.14,0.01001941,3887.14,0.1170108,3887.16,0.02933884,3887.28,0.01243732,3889.63,0.01282866,3890.0,0.01087396,3890.81,0.24,3890.81,1.02963,3890.82,0.033288,3890.84,0.01,3890.85,0.03242072,3890.85,0.10203372,3891.22,0.68099901,3891.8,0.25,3891.81,0.03
2017-09-08T11:07:52.483,3887.18,0.0,0.0,3887.13,0.03006105,3887.13,0.23284531,3887.13,0.2,3887.13,0.25,3886.98,0.03,3886.96,0.06953521,3886.95,0.08862619,3886.95,0.06953423,3886.64,0.02,3886.63,1.27,3886.01,0.08862733,3882.75,0.63,3882.74,0.25,3882.73,0.6,3882.69,2.97098097,3887.14,0.01001941,3887.14,0.1170108,3887.16,0.02933884,3887.28,0.01243732,3889.63,0.01282866,3890.0,0.01087396,3890.82,0.033288,3890.82,1.02963,3890.85,0.03242072,3890.85,0.10203372,3891.2,0.01,3891.21,0.24,3891.22,0.68099901,3891.81,0.03,3892.8,0.25
2017-09-08T11:07:56.294,3887.18,0.0,0.0,3887.13,0.03006105,3887.13,0.23284531,3887.13,0.25,3887.13,0.1734423,3887.13,0.25,3887.13,0.25,3887.13,0.24,3887.01,0.02,3887.0,0.6,3886.98,0.03,3886.96,0.06953521,3886.95,0.08862619,3886.95,0.06953423,3886.63,1.27,3886.02,0.63,3887.14,0.01001941,3887.14,0.1170108,3887.16,0.02933884,3887.28,0.01243732,3889.63,0.01282866,3890.0,0.01087396,3890.82,0.033288,3890.85,0.03242072,3890.85,0.10203372,3891.22,0.68099901,3891.81,0.03,3892.81,0.01,3892.81,0.11975723,3893.66,0.01,3893.67,1.02963
2017-09-08T11:07:59.666,3887.18,0.0,0.0,3887.13,0.03006105,3887.13,0.23284531,3887.13,0.25,3887.13,0.25,3887.13,0.25,3887.13,0.24,3887.13,0.2,3887.05,0.02,3887.04,0.6,3886.98,0.03,3886.96,0.06953521,3886.95,0.08862619,3886.95,0.06953423,3886.63,1.27,3886.03,0.6,3887.14,0.01001941,3887.14,0.1170108,3887.14,0.02933884,3887.28,0.01243732,3889.63,0.01282866,3890.0,0.01087396,3890.82,0.033288,3890.85,0.03242072,3890.85,0.10203372,3891.22,0.68099901,3891.81,0.03,3892.81,0.11975723,3893.64,0.01,3893.65,1.02963,3893.68,0.02480243
2017-09-08T11:08:03.104,3887.18,0.0,0.0,3887.13,0.03006105,3887.13,0.23284531,3887.13,0.25,3887.13,0.25,3887.13,0.25,3887.13,0.24,3887.13,0.2,3887.13,1.28,3887.12,0.02,3886.98,0.03,3886.96,0.06953521,3886.95,0.08862619,3886.95,0.06953423,3886.01,0.08862733,3882.54,0.01,3887.14,0.01001941,3887.14,0.1170108,3887.14,0.02933884,3887.28,0.01243732,3889.63,0.01282866,3890.0,0.01087396,3890.82,0.033288,3890.85,0.03242072,3890.85,0.10203372,3891.22,0.68099901,3891.81,0.03,3892.81,0.11975723,3892.81,0.01,3893.62,0.01,3893.63,1.02963
2017-09-08T11:08:06.920,3887.18,0.0,0.0,3887.13,0.03006105,3887.13,0.23284531,3887.13,0.25,3887.13,0.25,3887.13,0.25,3887.13,0.24,3887.13,1.28,3887.13,0.17279523,3887.12,0.02,3887.0,0.6,3886.98,0.03,3886.96,0.06953521,3886.95,0.08862619,3886.95,0.06953423,3886.01,0.08862733,3887.14,0.01001941,3887.14,0.1170108,3887.14,0.02933884,3887.28,0.01243732,3889.63,0.01282866,3890.0,0.01087396,3890.85,0.03242072,3890.85,0.10203372,3891.22,0.68099901,3891.81,0.03,3892.81,0.11975723,3893.11,0.01,3893.6,0.01,3893.61,1.02963,3893.62,0.033288
2017-09-08T11:08:10.421,3887.18,0.0,0.0,3887.13,0.03006105,3887.13,0.23284531,3887.13,0.25,3887.13,0.25,3887.13,0.25,3887.13,0.24,3887.13,1.28,3887.13,0.16518191,3887.12,0.02,3887.02,0.6,3887.01,0.63,3886.98,0.03,3886.96,0.06953521,3886.95,0.08862619,3886.95,0.06953423,3887.14,0.01001941,3887.14,0.1170108,3887.14,0.02933884,3887.28,0.01243732,3889.63,0.01282866,3890.0,0.01087396,3890.85,0.03242072,3890.85,0.10203372,3891.22,0.68099901,3891.81,0.03,3892.8,0.01,3892.81,0.11975723,3893.11,0.01,3893.58,0.01,3893.59,1.02963
2017-09-08T11:08:14.417,3887.18,0.0,0.0,3887.13,0.03006105,3887.13,0.23284531,3887.13,0.25,3887.13,0.25,3887.13,0.25,3887.13,0.24,3887.13,1.28,3887.13,0.2,3887.12,0.02,3887.03,0.63,3886.98,0.03,3886.96,0.06953521,3886.95,0.08862619,3886.95,0.06953423,3886.04,0.6,3887.14,0.01001941,3887.14,0.1170108,3887.14,0.02933884,3887.14,0.0767247,3887.28,0.01243732,3889.63,0.01282866,3890.0,0.01087396,3890.85,0.03242072,3890.85,0.10203372,3891.22,0.68099901,3891.81,0.03,3892.8,0.01,3892.81,0.11975723,3893.11,0.01,3893.62,0.033288
2017-09-08T11:08:18.010,3887.14,0.13,0.0,3887.13,0.03006105,3887.13,0.23284531,3887.13,0.25,3887.13,0.25,3887.13,0.25,3887.13,0.24,3887.13,1.28,3887.13,0.2,3887.13,0.1,3887.12,0.02,3887.05,0.63,3886.98,0.03,3886.96,0.06953521,3886.95,0.08862619,3886.95,0.06953423,3887.14,0.02636905,3887.14,0.0767247,3887.28,0.01243732,3889.63,0.01282866,3890.0,0.01087396,3890.85,0.03242072,3890.85,0.10203372,3891.22,0.68099901,3891.81,0.03,3892.8,0.01,3892.81,0.11975723,3893.11,0.01,3893.62,0.033288,3893.68,0.02480243,3894.37,0.03006105
2017-09-08T11:08:21.870,3887.14,0.01,0.0,3887.13,0.03006105,3887.13,0.23284531,3887.13,0.25,3887.13,0.25,3887.13,0.25,3887.13,0.24,3887.13,1.28,3887.13,0.1,3887.13,0.2,3887.12,0.02,3886.98,0.03,3886.96,0.06953521,3886.95,0.08862619,3886.95,0.06953423,3886.01,0.08862733,3887.14,0.01636905,3887.14,0.0767247,3887.28,0.01243732,3889.63,0.01282866,3890.0,0.01087396,3890.85,0.03242072,3890.85,0.10203372,3891.22,0.68099901,3891.81,0.03,3892.8,0.01,3892.81,0.11975723,3893.11,0.01,3893.56,0.01,3893.57,1.02963,3893.62,0.033288
2017-09-08T11:08:25.307,3887.14,0.0,0.0,3887.13,0.03006105,3887.13,0.23284531,3887.13,0.25,3887.13,0.25,3887.13,0.25,3887.13,0.24,3887.13,1.28,3887.13,0.1,3887.13,0.1,3887.12,0.02,3886.98,0.03,3886.96,0.06953521,3886.95,0.08862619,3886.95,0.06953423,3886.01,0.08862733,3887.14,0.01636905,3887.14,0.0767247,3887.28,0.01243732,3889.63,0.01282866,3890.0,0.01087396,3890.85,0.03242072,3890.85,0.10203372,3891.22,0.68099901,3891.81,0.03,3892.8,0.01,3892.81,0.11975723,3893.11,0.01,3893.55,0.01,3893.56,1.02963,3893.62,0.033288
2017-09-08T11:08:28.813,3887.14,0.01283085,0.0,3887.13,0.03006105,3887.13,0.23284531,3887.13,0.25,3887.13,0.25,3887.13,0.25,3887.13,0.24,3887.13,1.28,3887.13,0.1,3887.12,0.02,3887.0,0.6,3886.99,0.63,3886.98,0.03,3886.96,0.06953521,3886.95,0.08862619,3886.95,0.06953423,3887.14,0.0035382,3887.14,0.0767247,3887.28,0.01243732,3889.63,0.01282866,3890.0,0.01087396,3890.85,0.03242072,3890.85,0.10203372,3891.22,0.68099901,3891.81,0.03,3892.8,0.01,3892.81,0.11975723,3893.11,0.01,3893.53,0.01,3893.54,1.02963,3893.54,0.033288
2017-09-08T11:08:32.305,3887.14,0.0,0.0,3887.13,0.03006105,3887.13,0.23284531,3887.13,0.25,3887.13,0.25,3887.13,0.25,3887.13,0.24,3887.13,1.28,3887.13,0.1,3887.13,0.2,3887.12,0.02,3887.01,0.63,3886.98,0.03,3886.96,0.06953521,3886.95,0.08862619,3886.95,0.06953423,3887.14,0.0035382,3887.14,0.0767247,3887.28,0.01243732,3889.63,0.01282866,3890.0,0.01087396,3890.85,0.03242072,3890.85,0.10203372,3891.22,0.68099901,3891.81,0.03,3892.8,0.01,3892.81,0.11975723,3893.11,0.01,3893.54,0.033288,3893.68,0.02480243,3894.33,0.03006105
2017-09-08T11:08:35.745,3887.14,0.0,0.0,3887.13,0.03006105,3887.13,0.23284531,3887.13,0.25,3887.13,0.25,3887.13,0.25,3887.13,0.24,3887.13,1.28,3887.13,0.1,3887.13,0.2,3887.12,0.02,3887.03,0.63,3886.98,0.03,3886.96,0.06953521,3886.95,0.08862619,3886.95,0.06953423,3887.14,0.0035382,3887.14,0.0767247,3887.28,0.01243732,3889.63,0.01282866,3890.0,0.01087396,3890.85,0.03242072,3890.85,0.10203372,3891.22,0.68099901,3891.81,0.03,3892.8,0.01,3892.81,0.11975723,3893.11,0.01,3893.53,1.02963,3893.54,0.033288,3893.68,0.02480243
2017-09-08T11:08:39.627,3887.14,0.0,0.0,3887.13,0.03006105,3887.13,0.23284531,3887.13,0.25,3887.13,0.25,3887.13,0.25,3887.13,0.24,3887.13,1.28,3887.13,0.1,3887.13,0.2,3887.12,0.02,3887.05,0.63,3886.98,0.03,3886.96,0.06953521,3886.95,0.08862619,3886.95,0.06953423,3887.14,0.0035382,3887.14,0.0767247,3887.28,0.01243732,3890.0,0.01087396,3890.85,0.03242072,3890.85,0.10203372,3891.22,0.68099901,3891.81,0.03,3892.8,0.01,3892.81,0.11975723,3893.11,0.01,3893.5,0.01,3893.51,1.02963,3893.54,0.033288,3893.68,0.02480243
2017-09-08T11:08:43.318,3887.14,0.0,0.0,3887.13,0.03006105,3887.13,0.23284531,3887.13,0.25,3887.13,0.25,3887.13,0.25,3887.13,0.24,3887.13,1.28,3887.13,0.1,3887.13,0.2,3887.13,0.06953378,3887.12,0.02,3887.07,0.63,3886.98,0.03,3886.96,0.06953521,3886.95,0.08862619,3887.14,0.0035382,3887.14,0.0767247,3887.28,0.01243732,3890.0,0.01087396,3890.85,0.03242072,3890.85,0.10203372,3891.22,0.68099901,3891.81,0.03,3892.8,0.01,3892.81,0.11975723,3893.11,0.01,3893.48,0.01,3893.49,1.02963,3893.54,0.033288,3893.68,0.02480243
2017-09-08T11:08:46.878,3887.14,0.0,0.0,3887.13,0.03006105,3887.13,0.23284531,3887.13,0.25,3887.13,0.25,3887.13,0.25,3887.13,0.24,3887.13,1.28,3887.13,0.1,3887.13,0.06953378,3887.13,0.2,3887.12,0.02,3887.09,0.63,3887.08,0.6,3886.98,0.03,3886.96,0.06953521,3887.14,0.0035382,3887.14,0.0767247,3887.28,0.01243732,3890.0,0.01087396,3890.85,0.03242072,3891.22,0.68099901,3891.81,0.03,3893.45,0.01,3893.46,1.02963,3893.54,0.033288,3893.68,0.02480243,3893.76,0.01,3894.33,0.03006105,3894.63,0.02752436,3894.63,0.14288644
2017-09-08T11:08:50.683,3887.14,0.0,0.0,3887.13,0.03006105,3887.13,0.23284531,3887.13,0.25,3887.13,0.25,3887.13,0.25,3887.13,0.24,3887.13,1.28,3887.13,0.1,3887.13,0.06953378,3887.13,0.2,3887.12,0.02,3887.1,0.6,3886.98,0.03,3886.95,0.08862619,3886.1,0.6,3887.14,0.0035382,3887.14,0.0767247,3887.28,0.01243732,3890.0,0.01087396,3891.22,0.68099901,3891.81,0.03,3893.43,0.01,3893.43,0.01,3893.44,1.02963,3893.68,0.02480243,3894.06,0.01,3894.33,0.03006105,3894.63,0.14288644,3894.63,0.01350481,3894.63,0.01572086
2017-09-08T11:08:54.244,3887.14,0.05,0.0,3887.13,0.03006105,3887.13,0.23284531,3887.13,0.25,3887.13,0.25,3887.13,0.25,3887.13,0.24,3887.13,1.28,3887.13,0.1,3887.13,0.06953378,3887.13,0.1,3887.13,0.2,3887.12,0.02,3887.12,0.6,3887.1,0.07772977,3886.98,0.03,3887.14,0.0302629,3887.28,0.01243732,3890.0,0.01087396,3891.22,0.68099901,3891.81,0.03,3893.41,0.01,3893.42,1.02963,3893.43,0.033288,3894.06,0.01,3894.25,0.03006105,3894.63,0.14288644,3894.63,0.01350481,3894.63,0.01572086,3896.14,0.24,3896.15,0.01
2017-09-08T11:08:57.759,3887.14,0.0,0.0,3887.13,0.03006105,3887.13,0.23284531,3887.13,0.25,3887.13,0.25,3887.13,0.25,3887.13,0.24,3887.13,0.1,3887.13,0.06953378,3887.13,0.1,3887.13,0.2,3887.12,0.02,3887.12,0.6,3887.1,0.07772977,3886.98,0.03,3886.95,0.08862619,3887.14,0.0302629,3887.28,0.01243732,3890.0,0.01087396,3893.42,1.02963,3893.43,0.033288,3894.06,0.01,3894.25,0.03006105,3894.63,0.14288644,3894.63,0.01572086,3896.11,0.01,3896.12,0.24,3896.63,0.01,3896.65,0.13306392,3897.17,0.01,3897.61,0.0109528
2017-09-08T11:09:01.575,3887.14,0.0,0.0,3887.13,0.03006105,3887.13,0.23284531,3887.13,0.25,3887.13,0.25,3887.13,0.25,3887.13,0.24,3887.13,0.1,3887.13,0.06953378,3887.13,0.1,3887.13,0.2,3887.13,1.38,3887.12,0.02,3887.12,0.6,3887.1,0.07772977,3886.98,0.03,3887.14,0.0302629,3887.28,0.01243732,3890.0,0.01087396,3893.4,1.02963,3893.42,0.01,3893.43,0.033288,3894.06,0.01,3894.25,0.03006105,3896.08,0.24,3896.62,0.25,3897.17,0.01,3897.6,0.25,3897.61,0.0109528,3899.36,0.01,3899.37,0.64654469
2017-09-08T11:09:05.440,3887.14,0.0,0.0,3887.13,0.03006105,3887.13,0.23284531,3887.13,0.25,3887.13,0.25,3887.13,0.25,3887.13,0.24,3887.13,0.1,3887.13,0.06953378,3887.13,0.1,3887.13,1.38,3887.13,0.2,3887.12,0.02,3887.12,0.6,3887.1,0.07772977,3886.98,0.03,3887.14,0.0302629,3887.28,0.01243732,3890.0,0.01087396,3893.41,0.01,3893.42,1.02963,3893.43,0.033288,3894.06,0.01,3894.25,0.03006105,3896.06,0.24,3897.14,0.01,3897.15,0.25,3897.16,0.01,3897.17,0.01,3897.61,0.0109528,3899.35,0.25
2017-09-08T11:09:09.141,3887.14,0.0,0.0,3887.22,0.2,3887.22,0.03,3887.22,0.6,3887.21,0.23284052,3887.2,0.03006105,3887.15,0.63,3887.13,0.1,3887.13,0.06953378,3887.13,0.1,3887.13,1.38,3887.1,0.07772977,3886.95,0.08862619,3886.08,0.6,3886.07,0.63,3886.0,14.5,3887.28,0.01243732,3890.0,0.01087396,3893.42,0.01,3893.42,1.02963,3893.43,0.033288,3894.06,0.01,3894.25,0.03006105,3897.16,0.01,3897.17,0.01,3897.61,0.0109528,3899.32,0.25,3899.37,0.64654469,3899.68,0.78636186,3899.99,0.01127888,3901.78,0.25
2017-09-08T11:09:12.768,3887.14,0.0,0.0,3887.27,0.25,3887.27,0.25,3887.27,0.25,3887.27,0.24,3887.27,0.2,3887.26,0.23283752,3887.25,0.63,3887.2,0.03006105,3887.13,0.1,3887.13,0.06953378,3887.13,0.1,3887.13,1.38,3887.1,0.07772977,3886.95,0.08862619,3886.09,0.63,3890.0,0.00331128,3893.42,0.01,3893.42,0.03,3893.43,0.033288,3893.43,1.02963,3894.06,0.01,3894.25,0.03006105,3897.12,0.01,3897.13,0.25,3897.13,0.24,3897.16,0.01,3897.17,0.01,3897.6,0.25,3897.61,0.0109528,3899.37,0.64654469
2017-09-08T11:09:16.479,3887.28,0.02,0.0,3887.33,0.2,3887.32,0.03,3887.32,0.23283393,3887.3,0.63,3887.2,0.03006105,3887.13,0.1,3887.13,0.06953378,3887.13,0.1,3887.13,1.38,3887.1,0.07772977,3886.95,0.08862619,3886.03,0.01,3886.02,0.63,3886.0,14.5,3884.74,0.63,3890.0,0.00331128,3894.21,0.03,3894.22,1.02963,3894.23,0.033288,3894.25,0.03006105,3894.36,0.01,3894.66,0.01,3897.15,0.24,3897.16,0.01,3897.17,0.01,3897.61,0.0109528,3899.35,0.01,3899.37,0.64654469,3899.68,0.78636186,3899.99,0.01127888
2017-09-08T11:09:20.007,3887.28,0.0,0.0,3889.99,0.06950687,3889.99,0.11007612,3889.99,0.25,3889.99,0.24,3889.99,0.25,3889.99,0.23267411,3889.99,1.47,3889.98,0.02,3887.39,0.01,3887.37,0.63,3887.37,0.25,3887.2,0.03006105,3887.13,0.1,3887.13,0.06953378,3887.13,0.1,3890.0,0.00331128,3894.17,0.01,3894.18,0.03,3894.19,1.02963,3894.23,0.033288,3894.25,0.03006105,3894.66,0.01,3897.12,0.24,3897.16,0.01,3897.17,0.01,3897.61,0.0109528,3899.36,0.01,3899.37,0.64654469,3899.68,0.78636186,3899.99,0.01127888
2017-09-08T11:09:23.600,3887.28,0.0,0.0,3889.99,0.06950687,3889.99,0.25,3889.99,0.24,3889.99,0.25,3889.99,0.23267411,3889.99,1.47,3889.99,0.08856046,3889.99,0.2,3889.98,0.02,3887.45,0.01,3887.45,0.25,3887.44,0.63,3887.2,0.03006105,3887.13,0.1,3887.13,0.06953378,3890.0,0.00331128,3894.15,0.01,3894.16,1.02963,3894.23,0.033288,3894.25,0.03006105,3894.66,0.01,3897.1,0.25,3897.1,0.01,3897.11,0.24,3897.14,0.78636186,3897.16,0.01,3897.17,0.01,3897.61,0.0109528,3899.36,0.25,3899.36,0.25
2017-09-08T11:09:27.495,3887.28,0.0,0.0,3889.99,0.06950687,3889.99,0.25,3889.99,0.24,3889.99,0.25,3889.99,0.23267411,3889.99,1.47,3889.99,0.08856046,3889.99,0.15265963,3889.98,0.02,3887.51,0.01,3887.5,0.63,3887.46,0.6,3887.2,0.03006105,3887.13,0.1,3887.13,0.06953378,3890.0,0.00331128,3894.12,0.01,3894.13,0.03,3894.14,1.02963,3894.23,0.033288,3894.25,0.03006105,3894.66,0.01,3897.11,0.24,3897.13,0.01,3897.14,0.78636186,3897.16,0.01,3897.17,0.01,3897.61,0.0109528,3899.37,0.64654469,3899.99,0.01127888
2017-09-08T11:09:31.614,3887.28,0.0,0.0,3889.99,0.06950687,3889.99,0.25,3889.99,0.24,3889.99,0.25,3889.99,0.23267411,3889.99,1.47,3889.99,0.08856046,3889.99,0.15265963,3889.98,0.02,3887.57,0.01,3887.56,0.63,3887.54,0.25,3887.2,0.03006105,3887.13,0.1,3887.13,0.06953378,3890.0,0.00331128,3894.12,0.01,3894.12,1.02963,3894.23,0.033288,3894.25,0.03006105,3894.66,0.01,3897.05,0.01,3897.06,0.24,3897.14,0.78636186,3897.16,0.01,3897.17,0.01,3897.6,0.25,3897.61,0.0109528,3899.36,0.25,3899.37,0.64654469
2017-09-08T11:09:35.218,3887.28,0.0,0.0,3889.99,0.06950687,3889.99,0.25,3889.99,0.24,3889.99,0.25,3889.99,0.23267411,3889.99,1.47,3889.99,0.08856046,3889.99,0.2,3889.98,0.02,3889.84,0.03,3887.6,0.01,3887.59,0.6,3887.15,0.03006105,3887.13,0.1,3887.13,0.06953378,3890.0,0.00331128,3890.0,0.02981506,3894.12,0.01,3894.12,1.02963,3894.23,0.033288,3894.25,0.03006105,3894.66,0.01,3897.13,0.01,3897.14,0.78636186,3897.16,0.01,3897.17,0.01,3897.6,0.25,3897.61,0.0109528,3899.36,0.25,3899.37,0.64654469
2017-09-08T11:09:38.765,3890.0,0.04312634,0.0,3890.0,0.03,3890.0,0.2,3889.99,0.06950687,3889.99,0.25,3889.99,0.24,3889.99,0.25,3889.99,0.23267411,3889.99,1.47,3889.99,0.08856046,3889.86,0.6,3889.02,0.03006105,3889.0,14.0,3887.67,0.01,3887.66,0.25,3887.65,0.6,3897.09,0.03006105,3897.1,0.04246443,3897.14,0.78636186,3897.16,0.01,3897.17,0.01,3897.6,0.25,3897.61,0.0109528,3899.36,0.25,3899.37,0.64654469,3899.98,0.25,3899.99,0.01127888,3901.78,0.25,3901.78,0.25,3901.79,0.05,3901.8,0.01
2017-09-08T11:09:42.714,3894.12,1.52722662,0.0,3890.12,0.25,3890.12,0.25,3890.11,0.03,3890.11,0.01,3890.1,0.2,3890.08,0.6,3890.07,0.02,3889.99,0.06950687,3889.99,1.47,3889.99,0.08856046,3889.02,0.6,3889.0,14.0,3888.86,0.03006105,3887.68,0.6,3887.13,0.1,3894.11,0.033288,3896.31,0.03006105,3897.13,0.04,3897.14,0.78636186,3897.16,0.01,3897.17,0.01,3897.6,0.25,3897.61,0.0109528,3899.35,0.25,3899.36,0.01,3899.37,0.64654469,3899.98,0.25,3899.99,0.01127888,3901.78,0.25,3901.78,0.25
2017-09-08T11:09:46.306,3894.12,0.0,0.0,3890.27,0.2,3890.25,0.03,3890.24,0.6,3890.2,0.01,3890.19,0.23266215,3890.16,0.02,3890.1,0.25,3889.99,0.06950687,3889.99,1.47,3889.99,0.08856046,3889.05,0.6,3889.0,14.0,3888.86,0.03006105,3887.73,0.511,3887.72,0.6,3894.11,0.033288,3896.3,0.04,3896.31,0.03006105,3897.14,0.78636186,3897.16,0.01,3897.17,0.01,3897.6,0.25,3897.61,0.0109528,3899.35,0.25,3899.36,0.01,3899.37,0.64654469,3899.98,0.25,3899.99,0.01127888,3901.78,0.25,3901.78,0.25
2017-09-08T11:09:50.575,3894.12,0.0,0.0,3890.36,0.03,3890.35,0.2,3890.35,0.25,3890.35,0.24,3890.35,0.25,3890.33,0.6,3890.32,0.23265438,3890.26,0.01,3890.25,0.25,3890.23,0.02,3889.99,0.06950687,3889.99,1.47,3889.99,0.08856046,3889.09,0.25,3889.08,0.6,3894.11,0.033288,3896.31,0.03006105,3897.13,0.04,3897.14,0.78636186,3897.16,0.01,3897.17,0.01,3897.6,0.25,3897.61,0.0109528,3899.35,0.25,3899.36,0.01,3899.37,0.64654469,3899.98,0.25,3899.99,0.01127888,3901.78,0.25,3901.78,0.25
2017-09-08T11:09:54.319,3894.12,0.0,0.0,3890.45,0.03,3890.44,0.2,3890.44,0.25,3890.44,0.25,3890.44,0.24,3890.43,0.6,3890.4,0.23264959,3890.27,0.01,3890.03,0.25,3890.0,0.02,3889.99,0.06950687,3889.99,1.47,3889.99,0.08856046,3889.11,0.6,3889.11,0.511,3894.11,0.033288,3896.3,0.04,3896.31,0.03006105,3897.14,0.78636186,3897.16,0.01,3897.17,0.01,3897.6,0.25,3897.61,0.0109528,3899.35,0.25,3899.36,0.01,3899.37,0.64654469,3899.98,0.25,3899.99,0.01127888,3901.78,0.25,3901.78,0.25
2017-09-08T11:09:58.302,3894.12,0.0,0.0,3890.63,0.12307471,3890.63,0.2,3890.63,0.25,3890.63,0.24,3890.62,0.03,3890.61,0.6,3890.6,0.23263763,3890.5,0.04642167,3890.07,0.01,3890.06,0.02,3890.0,0.25,3889.99,0.06950687,3889.99,1.47,3889.99,0.08856046,3889.15,0.6,3894.11,0.033288,3896.3,0.04,3896.31,0.03006105,3897.14,0.78636186,3897.16,0.01,3897.17,0.01,3897.6,0.25,3897.61,0.0109528,3899.35,0.25,3899.36,0.01,3899.37,0.64654469,3899.98,0.25,3899.99,0.01127888,3901.78,0.25,3901.78,0.25
2017-09-08T11:10:02.260,3894.12,0.0,0.0,3894.1,0.2,3894.1,0.2,3894.1,0.23242854,3893.95,0.03,3890.73,0.25,3890.73,0.2,3890.72,0.01,3890.71,0.25,3890.71,0.24,3890.61,0.6,3890.0,0.02,3890.0,0.25,3889.99,0.06950687,3889.99,1.47,3889.99,0.08856046,3894.11,0.033288,3896.31,0.03006105,3897.13,0.03,3897.14,0.78636186,3897.16,0.01,3897.17,0.01,3897.6,0.25,3897.61,0.0109528,3899.35,0.25,3899.36,0.01,3899.37,0.64654469,3899.98,0.25,3899.99,0.01127888,3901.78,0.25,3901.78,0.25
2017-09-08T11:10:06.321,3897.06,0.07006105,0.0,3894.13,0.03,3894.12,0.2,3894.12,0.04,3894.11,0.23242794,3894.1,0.08846699,3894.1,0.06940932,3890.8,0.01,3890.79,0.2,3890.79,0.25,3890.79,0.24,3890.49,0.79983291,3890.01,0.511,3890.0,0.02,3889.99,0.06950687,3889.99,1.47,3897.06,0.03006105,3897.14,0.77971091,3897.16,0.01,3897.17,0.01,3897.6,0.25,3897.61,0.0109528,3899.35,0.25,3899.36,0.01,3899.37,0.64654469,3899.98,0.25,3899.99,0.01127888,3901.05,0.25,3901.05,0.25,3901.06,0.05,3901.8,0.01
2017-09-08T11:10:10.354,3897.13,0.03993895,0.0,3894.14,0.03,3894.13,0.24,3894.11,0.23242794,3894.1,0.08846699,3894.1,0.06940932,3890.9,0.01,3890.89,0.24,3890.89,0.25,3890.89,0.25,3890.87,0.2,3890.52,0.79982675,3890.02,0.511,3889.99,0.06950687,3889.99,1.47,3889.99,0.08856046,3897.08,0.03,3897.08,0.34999592,3897.09,0.03006105,3897.14,0.77971091,3897.15,0.25,3897.16,0.01,3897.17,0.01,3897.61,0.0109528,3899.34,0.25,3899.37,0.64654469,3899.98,0.25,3899.99,0.01127888,3901.03,0.25,3901.05,0.25,3901.06,0.05
2017-09-08T11:10:14.376,3897.13,0.0,0.0,3895.0,0.04636804,3894.64,0.08963092,3894.64,0.03,3894.15,0.24,3894.14,0.23242615,3894.1,0.06940932,3891.0,0.25,3891.0,0.25,3890.97,0.01,3890.97,0.02,3890.93,0.79974247,3890.92,0.2,3890.11,0.08963092,3889.99,0.06950687,3889.99,1.47,3897.08,0.03,3897.08,0.34999592,3897.09,0.03006105,3897.14,0.77971091,3897.16,0.01,3897.17,0.01,3897.6,0.25,3897.61,0.0109528,3899.31,0.01,3899.32,0.25,3899.37,0.64654469,3899.98,0.25,3899.99,0.01127888,3901.05,0.25,3901.06,0.05
2017-09-08T11:10:18.143,3897.08,0.06,0.0,3895.0,0.04636804,3894.64,0.08963092,3894.64,0.03,3894.11,0.24,3894.1,0.06940932,3891.07,0.511,3891.06,0.01,3890.93,0.79974247,3890.11,0.08963092,3890.02,0.2,3889.99,0.06950687,3889.99,1.47,3889.84,0.03006105,3889.01,0.033358,3889.0,14.0,3897.08,0.31999592,3897.14,0.77971091,3897.16,0.01,3897.17,0.01,3897.25,0.25,3897.26,0.03006105,3897.61,0.0109528,3899.35,0.01,3899.36,0.25,3899.37,0.64654469,3899.98,0.25,3899.99,0.01127888,3901.05,0.25,3901.05,0.25,3901.06,0.05
